3242 5259
276 615 315 668 20
607 637 610 640 ·
632 607 930 668 PROLEGOMENA

277 798 355 836 ram
382 772 543 857 (odoret).
598 780 638 837 Et
665 779 812 837 Socratem
840 778 958 855 quidem
986 777 1057 836 dicit
1084 775 1216 834 consulto
1251 775 1291 848 id,

277 865 355 941 quod
375 869 480 922 natura
500 863 613 939 turpius
634 863 686 934 eit,
710 862 873 921 confudisse
902 883 968 921 cum
989 882 1037 934 eo,
1067 861 1144 940 quod
1165 863 1230 935 lege
1251 861 1291 920 sit

276 948 405 1024 turpius,
436 952 523 1026 atque
544 948 587 1006 ita
607 947 790 1020 disseruisse,
820 947 1002 1025 quesiquod
1022 946 1223 1021 legeturpius
1244 946 1291 1018 sit,

277 1033 355 1090 idem
376 1033 489 1108 turpius
510 1033 549 1091 sit
569 1037 681 1092 natura.
723 1033 802 1090 Hinc
822 1033 933 1091 factum
945 1052 1029 1103 esse,
1050 1037 1085 1089 ut
1106 1031 1228 1089 evicisse
1249 1031 1293 1090 vi·

279 1118 382 1175 deutur
409 1117 492 1193 peius
526 1136 589 1175 esse
616 1117 753 1175 iniuriam
781 1117 876 1175 facere
905 1136 993 1195 quam
1022 1116 1166 1191 accipere,
1203 1135 1294 1192 quum

278 1208 376 1260 tamen
396 1203 554 1278 secundum
574 1208 709 1260 naturam
728 1202 763 1272 is,
786 1203 837 1280 qui
857 1203 987 1277 patiatur
1002 1201 1146 1271 iniuriam,
1169 1200 1295 1258 deterior

279 1287 317 1344 sit
338 1305 380 1358 eo,
402 1286 554 1364 qui‘illam
573 1287 687 1345 inferat.
732 1286 816 1346 Servi
836 1291 882 1345 est
902 1286 994 1358 enim,
1016 1285 1125 1364 inquit,
1147 1285 1295 1360 patienter

278 1372 401 1429 tolerare
421 1369 550 1442 iniurias,
572 1376 660 1450 atque
683 1371 753 1443 cius,
775 1370 825 1448 qui
847 1370 902 1429 sibi
922 1370 979 1446 ipsi
999 1371 1085 1446 plane
1107 1371 1196 1427 deest.
1232 1371 1293 1428 Ita-

279 1474 336 1532 que
357 1455 463 1528 vulgus
483 1455 642 1529 hominum,
665 1476 755 1534 quum
769 1475 853 1513 suam
866 1455 1043 1529 intelligeret
1056 1454 1293 1526 imbecillitatem,

280 1539 378 1597 sanxit
397 1540 519 1613 leges,
541 1542 647 1619 quibus
669 1541 761 1598 omnis
781 1539 889 1597 iniuria
909 1539 1124 1616 prohiberetur3
1154 1544 1294 1597 natura

279 1643 348 1682 vero
368 1624 579 1683 robustioribus
598 1625 825 1703 fortioribusque
845 1625 921 1683 nihil
941 1645 1000 1682 non
1022 1623 1152 1683 concedit
1170 1624 1294 1702 ideoque

279 1707 467 1769 validioribus
489 1711 569 1768 dedit
588 1710 634 1768 ius
657 1710 818 1786 imperandi
839 1711 889 1782 iis,
916 1711 967 1788 qui
988 1713 1058 1768 sunt
1077 1709 1293 1767 imbecilliores:

280 1792 310 1849 id
331 1795 408 1870 quod
424 1803 519 1872 'quum
541 1795 612 1868 alia,
640 1801 704 1854 tum
731 1796 904 1871 populorum
930 1796 1064 1870 exempla
1091 1794 1161 1852 satis
1182 1796 1295 1866 docent,

280 1898 404 1955 quorum
425 1880 637 1954 opulentissimi
658 1899 691 1938 ac
711 1880 905 1955 potentissimi
926 1880 991 1938 aliis
1012 1879 1178 1955 imperitare
1192 1881 1295 1938 solent.

279 1964 384 2040 Itaque
404 1964 588 2040 philosophia
600 1965 730 2022 iustitiae
744 1966 887 2023 rationem
902 1984 1016 2022 omnem
1028 1965 1161 2023 funditus
1181 1965 1296 2035 evertit,

281 2047 387 2125 quippe
407 2067 482 2125 quae
503 2049 590 2119 illud,
620 2050 698 2126 quod
723 2050 837 2123 legibus
865 2055 911 2107 est
931 2049 1075 2107 sancitum
1101 2068 1215 2126 usuque
1244 2051 1296 2106 ho-

280 2132 393 2188 minum
414 2133 625 2204 confirmatum,
654 2132 739 2190 unice
759 2153 810 2208 pro
831 2133 909 2192 iusto
930 2135 1034 2208 probet
1061 2133 1297 2210 argumentisque

280 2216 358 2274 tueri
378 2217 502 2273 studeat.
545 2219 643 2294 Atque
664 2217 743 2273 haud
764 2216 837 2287 scio,
867 2236 905 2273 an
925 2217 1075 2274 hominum
1097 2217 1201 2290 ‘generi
1221 2217 1297 2274 nihil

280 2299 467 2375 perniciosius
489 2301 590 2357 datum
609 2300 648 2359 sit
669 2319 756 2378 quam
775 2300 965 2377 philosophia.
994 2299 1076 2362 Quae
1097 2307 1133 2359 ut
1151 2302 1182 2358 in
1198 2302 1296 2376 pueris

282 2389 312 2442 et
333 2384 568 2455 adolescentulis,
595 2385 622 2443 si
641 2385 770 2443 modeste
785 2388 938 2456 tractem,
959 2404 1018 2441 non
1039 2385 1227 2459 improbanda
1248 2387 1296 2456 sit,

281 2474 379 2528 tamen
399 2470 431 2528 in
451 2469 523 2530 viris
543 2470 623 2528 nullo
643 2471 728 2528 modo
747 2469 868 2528 ferenda
881 2473 933 2527 est.
961 2469 1051 2527 Haec·
1064 2468 1142 2526 enim
1162 2469 1296 2528 homines

283 2557 359 2612 adeo·
376 2555 539 2631 corrumpit,
560 2559 594 2614 ut
613 2555 688 2612 nihil
708 2554 815 2630 magni,
835 2554 910 2612 nihil
929 2553 1076 2631 praeclari,
1097 2552 1171 2610 nihil
1185 2555 1294 2610 excelsi

283 2645 313 2697 et
333 2640 464 2711 generosi
491 2641 655 2721 sustineant
682 2659 811 2719 unquam
839 2659 946 2715 gerere.
996 2639 1104 2697 Sedent
1130 2636 1296 2713 philosophi

282 2722 359 2778 domi
381 2729 411 2780 et
431 2723 469 2785 in
483 2725 597 2796 angulis
618 2725 725 2797 latent3
752 2726 850 2785 vitant
870 2725 1020 2782 hominum
1040 2722 1222 2792 societatem3
1250 2722 1296 2778 fu-

282 2805 367 2879 giunt
385 2807 480 2863 lucem
500 2804 659 2882 publicam3
682 2810 862 2866 abscondunt
882 2829 913 2867 se
928 2828 994 2865 cum
1013 2807 1108 2866 tribus
1122 2811 1297 2885 quattuorve

186 2955 190 2964 ¹
284 2889 505 2948 adolescentulis
525 2889 557 2948 in
576 2889 721 2962 latibulis,
750 2896 784 2950 ut
811 2893 846 2949 de
868 2894 955 2950 rebus
976 2891 1102 2949 exilibus
1128 2891 1297 2968 nulliusque

282 2975 422 3033 momenti
443 2993 508 3032 oum
528 2975 586 3033 illis
608 2974 752 3049 garriant;
781 2976 832 3035 scd
853 2975 904 3033 ubi
924 2976 962 3035 iis
983 2975 1093 3053 aliquid
1121 2976 1170 3034 vel
1190 2976 1222 3032 in
1243 2995 1297 3034 sua

281 3059 411 3134 ipsorum
431 3059 480 3119 vel
506 3059 538 3116 iri
559 3059 654 3117 aliena
675 3079 776 3119 caussa
803 3062 947 3134 agendum
974 3064 1033 3132 est,
1062 3060 1163 3135 inopes
1184 3061 1297 3118 consilii

282 3144 412 3216 haerent,
434 3143 588 3219 trepidant,
611 3145 745 3203 nesciunt
766 3165 823 3223 quo
845 3164 876 3204 se
898 3149 1023 3204 vertant.
1054 3145 1158 3203 Nonne
1176 3165 1258 3218 >vero,
1280 3165 1298 3201 o

283 3229 409 3300 Socrate,
429 3233 514 3304 turpe
537 3234 582 3288 est
601 3229 644 3290 ita
666 3249 696 3288 se
717 3231 840 3303 habere,
861 3230 1102 3307 quemadmodum
1122 3236 1153 3288 te
1176 3236 1298 3289 ceteros·

282 3332 339 3390 que
360 3314 466 3372 habere
488 3314 618 3388 arbitror,
641 3315 695 3393 qui
714 3319 840 3375 aetatem
853 3333 967 3373 omnem
979 3314 1178 3391 philosophiae
1200 3316 1297 3375 studio

281 3397 461 3472 transigitis?
482 3399 638 3459 Enimvero
651 3399 677 3457 si
697 3400 763 3477 quis
784 3404 814 3459 te
836 3400 868 3457 in
880 3399 1020 3458 iudicium
1036 3399 1140 3476 rapiat,
1161 3399 1298 3458 dictitans
1344 3468 1347 3472 Δ

282 3487 312 3540 te
342 3483 398 3559 ipsi
425 3483 561 3542 iniuriam
588 3483 735 3556 intulisse,
764 3485 834 3544 licet
853 3486 965 3542 nnllam
991 3485 1140 3557 intuleris,
1169 3486 1298 3561 profecto

282 3586 341 3624 non
361 3567 482 3627 habebis
503 3567 574 3645 quid
595 3568 673 3626 dicas
695 3574 746 3627 aut
765 3569 870 3641 facias,
898 3571 949 3627 scd
970 3569 1129 3628 haesitabis
1151 3575 1181 3628 et
1202 3590 1233 3628 os
1254 3571 1298 3627 di-

282 3651 370 3709 duces
391 3657 511 3725 stages
530 3652 664 3729 ineptias,
686 3672 727 3726 ac,
749 3654 774 3710 si
796 3659 945 3713 accusator
964 3653 1020 3713 tibi
1038 3653 1191 3728 contigerit
1203 3656 1298 3713 malus

283 3742 314 3795 et
332 3736 495 3811 improbus,
518 3756 552 3794 eo
573 3758 619 3797 res
639 3737 803 3813 perveniet,
832 3744 867 3798 ut
886 3739 956 3811 tibi,
985 3738 1118 3818 quamvis
1140 3739 1296 3812 innocenti,

282 3821 462 3880 moriendum
484 3821 586 3896 sitm).
630 3821 770 3884 Quocirca
790 3824 877 3895 mihi,
909 3844 927 3881 o
947 3825 1038 3895 bone,
1067 3825 1234 3899 obtempera
1259 3829 1298 3896 et,

282 3907 377 3966 missis
389 3906 453 3965 istis
467 3906 562 3981 nugis,
584 3905 738 3986 aliquando
758 3908 789 3966 in
802 3911 889 3967 rebus
902 3911 1011 3968 honore
1027 3907 1122 3982 dignis
1135 3913 1165 3967 te
1187 3928 1298 3981 exerce,

332 4155 358 4219 *.)
375 4153 458 4206 Plane
475 4169 535 4204 cum
552 4153 593 4202 his
607 4155 766 4204 conveniunt
783 4155 897 4220 quaeda
913 4155 1133 4208 inrisaecundnm
1149 4153 1196 4207 aiv
1215 4155 1298 4219 νόμον

283 4227 309 4271 et
326 4222 373 4288 τὴν
392 4220 476 4303 φύσιν
492 4221 641 4271 discrimine
667 4221 832 4304 disputantur
865 4225 906 4274 De
922 4223 1085 4290 Republjl.
1108 4242 1134 4291 p.
1158 4223 1210 4277 358
1227 4242 1298 4292 seqq.

282 4287 1138 4424 Legsslllliiinxbabssgbilbsdpiliibbuddprvehiisbionhbntoonfereudus
1162 4367 1202 4411 eet
1224 4377 1299 4427 prae-

283 4421 369 4473 clarus
386 4425 432 4475 ille
448 4423 522 4476 loeus
539 4426 676 4477 Theaeteti
692 4443 718 4493 p.
736 4425 793 4482 172.
812 4427 842 4482 0.
859 4443 930 4494 seqq.
948 4428 1081 4481 Gellius
1104 4429 1138 4483 N.
1155 4429 1237 4494 A.'·X,
1255 4427 1297 4481 22.
