3242 5259
377 587 437 642 324

754 622 759 631 ·
792 584 989 643 PLATONIS

378 747 476 829 νηοός
495 767 531 827 γε
560 743 606 808 ὢν
635 746 764 826 α’γοιθὸιι
793 749 885 810 ὄντα·
914 739 987 829 μηδ’
1013 744 1063 808 ὅτι
1082 746 1312 828 ἀφαιρήσεται,
1340 743 1397 808 dciv

379 867 410 906 τι
429 839 504 924 ἔχω,
538 841 655 925 ἵναμὴ
677 837 718 906 αὖ
740 841 801 922 ἐγὼ
823 843 918 917 εἴποι,
948 842 997 906 ὅτι
1011 836 1093 907 'Ata’
1115 843 1316 925 ἀφελόμενος
1338 845 1395 926 οὐχ

330 953 357 1022 0
380 939 477 1019 ἕξειὸ
497 963 527 1003 τι
546 943 693 1023 χρήσεται
714 943 841 1017 αὐτοῖς,
870 933 935 1003 ἀλλ’
967 939 1071 1022 ὥςπερ
1099 963 1137 1023 με
1158 940 1278 1016 ἀδίκοις
1306 942 1395 1022 ἄφελ-

379 1044 465 1117 λειο,
495 1038 579 1102 οὕτω
609 1040 661 1102 aul
689 1038 799 1120 λαβὼν
827 1039 943 1113 ἀδίκως
970 1040 1133 1121 χρήσεται·
1165 1036 1248 1102 εἰδὲ
1269 1039 1394 1113 ἀδίκως,

380 1138 532 1218 αἰσχρῶς·
555 1137 582 1198 εἰ
603 1135 636 1199 δὲ
658 1137 803 1218 αἰσχρῶς,
825 1141 939 1210 κακῶς.

443 1235 523 1324 Cap.
545 1235 722 1300 LXXVII.
768 1238 872 1300 ΚΑΛ.
893 1231 955 1309 Ὦς
975 1258 1027 1317 μοι
1060 1235 1182 1312 δοκεῖς,
1214 1227 1392 1317 ὦΣώιιρα·

430 1470 445 1521 ὅ
463 1489 488 1520 ιι
505 1469 658 1537 χρήσεται
675 1466 805 1535 adroic]
843 1470 887 1520 Sic
904 1469 966 1519 libri
983 1486 1080 1533 omnes,
1098 1474 1127 1519 ut
1144 1469 1188 1519 hic
1206 1469 1312 1534 quidem
1330 1471 1394 1520 tutu-

378 1555 435 1590 rum
452 1540 540 1589 locum
558 1555 632 1589 suum
651 1544 705 1610 tuto
724 1538 850 1588 obtineat.

430 1674 458 1725 (l.
472 1671 522 1727 Ὧι
539 1691 596 1735 μοι
615 1673 727 1726 densis
745 1701 778 1710 -
797 1670 985 1738 πιστεύειν]
1005 1672 1094 1723 Clark.
1112 1672 1178 1723 Ven.
1198 1672 1262 1723 ΞΣ.
1281 1673 1358 1724 Vind.
1371 1672 1394 1724 2.

383 1909 446 1959 φησι
480 1890 508 1943 τὸ
543 1889 663 1942 Μυσὸν
699 1890 859 1974 Τήλεφον

379 1962 433 2011 εἴτι
450 1959 480 2011 δὲ
498 1951 626 2014 Μιιοὸι
612 1979 646 2045 ην
669 1961 721 2010 aize
747 1957 860 2011 ἄλλοθέν

380 2031 475 2088 coclea,
495 2035 548 2081 πῶς
567 2027 604 2077 ὅτι
622 2046 635 2076 ο
630 2024 772 2093 ’Τήλεφος
790 2046 859 2094 ysm-

381 2099 484 2161 pigeret.
508 2095 634 2147 οὕτωκαὶ
654 2094 782 2146 ἐιιιαῦθα·
807 2097 861 2146 εἴτε

379 2163 474 2215 κόλακα
491 2167 577 2216 θέλεις
595 2164 682 2214 ειίιιιῖιι
706 2161 752 2212 cdv
776 2168 859 2213 τοιοῦ·

379 2250 426 2282 τοι
449 2234 501 2283 sira
532 2229 657 2282 διάκοιιοιι
684 2227 772 2281 εἶ”τιι
759 2248 859 2280 οιιτιια-

380 2319 443 2359 οιι,ιι
473 2299 525 2357 δεῖ,
536 2300 643 2384 φηολιι
671 2297 685 2348 ὁ
710 2300 858 2364 Καλλικληι,

379 2370 497 2418 τοιοῦτον
518 2361 588 2417 εἶναι
612 2367 673 2431 περὶ
701 2365 748 2432 τὴν
776 2365 858 2417 πόλιιι.

378 2437 429 2486 ls
421 2437 502 2501 igitur
523 2436 615 2500 respici
635 2440 709 2500 putat
732 2435 763 2484 ad
785 2435 860 2485 Tele-

378 2505 457 2569 phum
475 2505 614 2569 Euripidis.
643 2503 718 2565 Quod
736 2518 785 2567 quo
803 2505 859 2553 iure

377 2575 415 2621 ita
432 2573 563 2634 statuerit,
587 2571 657 2620 haud
675 2587 738 2621 sane
756 2571 860 2621 decerni

378 2646 468 2705 potest.
495 2641 550 2690 Neo
568 2644 628 2689 ve'ro
646 2639 754 2689 multum
773 2640 859 2701 refert,

378 2713 407 2757 ut
423 2707 449 2756 id
473 2709 598 2771 sciamus,
623 2723 701 2771 quum
725 2706 798 2756 locus
817 2708 860 2756 vel

379 2777 416 2825 sic
449 2776 581 2825 commode
613 2775 737 2840 explicari
770 2777 859 2839 possit.

377 2844 480 2893 Etenim
499 2844 616 2894 Socrates
641 2849 776 2907 postquam
794 2842 859 2892 illud

380 2909 571 2975 διακονήσοιτο
595 2911 713 2960 Calliclis
737 2911 860 2976 interpre-

379 2985 450 3028 tatus
468 2985 507 3028 est
527 2995 573 3042 per
591 2977 793 3036 κολακεύσοιτα,
818 2980 859 3028 hic

379 3048 550 3095 exacerbatus
583 3046 669 3095 animo
709 3061 760 3094 non
803 3048 860 3095 sine

381 3113 521 3163 acrimonia
549 3112 697 3177 respondet:
735 3113 769 3162 Si
796 3114 860 3162 tibi

293 3225 298 3232 .
380 3181 504 3245 volupe
522 3187 572 3230 est
589 3183 713 3246 Mysum
732 3180 809 3230 adeo
828 3187 859 3232 te

380 3264 514 3299 vocare:
533 3248 565 3298 ad
583 3264 648 3313 quae
666 3249 788 3298 reticetur
799 3266 859 3315 apo-

380 3316 450 3367 dosis
467 3319 519 3366 sere
537 3317 614 3367 haec:
639 3333 696 3382 per
712 3333 758 3366 me
776 3317 860 3367 licet

379 3386 421 3435 rel
434 3385 584 3450 equidem
602 3385 689 3434 nihil
707 3385 859 3449 impedio.

379 3454 453 3515 Quae
476 3454 634 3518 aposiopesis
656 3453 817 3517 loquentis'
808 3471 858 3504 iro-

378 3523 437 3571 niae
454 3520 532 3586 plane
559 3527 598 3570 est
614 3529 789 3571 consentanea
812 3538 860 3571 nec

379 3589 519 3654 quidquam
536 3588 614 3638 habet
631 3589 749 3638 inusitati
756 3605 860 3670 ‚quum

378 3663 437 3722 post
460 3663 562 3707 senten
563 3672 601 3706 ras
624 3657 805 3722 hypotheticas
834 3660 861 3706 iu

379 3725 442 3774 loeis
466 3724 595 3774 similibus
613 3741 664 3774 non
685 3741 742 3774 raro
761 3727 861 3775 omitta-

379 3800 421 3842 tur
437 3793 565 3857 epodosis.
583 3809 608 3841 v.
626 3809 744 3857 suprap.
763 3791 861 3845 5030.

378 3862 482 3926 Protag.
500 3858 592 3926 p.3ll
603 3861 635 3908 D.
648 3859 705 3911 325.
717 3862 749 3911 D.
760 3864 860 3925 'atquae

379 3877 540 3995 eolleggerunt
570 3929 678 3993 interpp.
700 3928 733 3978 ad
761 3929 860 3978 Arist.

378 3998 446 4047 Plut.
457 4013 481 4045 v.
491 3994 549 4047 458.
565 3997 696 4060 Gregor.
711 3997 858 4047 Corinth.

379 4062 484 4128 ρ.802
513 4065 660 4114 Fischer.
694 4064 726 4114 ad
754 4063 859 4116 Weller.

380 4133 474 4182 Τ.ΙΠ.
497 4134 526 4182 P.
544 4132 578 4181 II.
600 4148 624 4196 p.
648 4129 681 4182 35
704 4149 756 4196 seq.
791 4134 859 4182 Tum

380 4215 440 4250 vero
463 4201 559 4267 pergit·
589 4217 659 4249 nam
684 4202 752 4250 nisi
778 4202 858 4250 haec

381 4268 456 4331 (quae
474 4285 521 4333 ego
537 4267 586 4316 tibi
600 4269 678 4329 suasi,
695 4275 724 4318 ut
736 4268 859 4333 reipubli-

911 1908 969 1942 nem
982 1893 1038 1942 eius
1049 1899 1173 1956 protenus
1184 1892 1223 1940 ita
1238 1891 1394 1958 interpellat,

911 1966 940 2009 ut
962 1961 1018 2025 ipse
1041 1966 1154 2010 mentem
1182 1975 1214 2009 ae
1241 1962 1394 2010 sententiam

911 2029 966 2077 eius
985 2029 1083 2093 aperiat
1099 2044 1131 2078 ac
1148 2027 1271 2078 declaret.
1306 2030 1393 2093 Itaque

911 2098 1077 2147 manifestum
1099 2101 1139 2145 est
1155 2098 1300 2178 Mysum
1310 2096 1394 2148 vocari

911 2179 982 2213 nunc
1009 2164 1154 2225 hominem,
1184 2179 1261 2228 quem
1292 2165 1393 2229 impune

911 2232 989 2282 liceat
1006 2234 1090 2281 omnis
1112 2233 1216 2298 generis
1239 2233 1394 2282 contumelia

912 2306 938 2349 et
954 2301 1052 2349 iniuria
1074 2300 1219 2361 lacessere,
1245 2306 1337 2365 utpote
1359 2316 1394 2350 se

912 2369 1014 2417 cordam
1043 2374 1120 2432 atque
1150 2366 1321 2418 imbecillum.
1354 2369 1393 2418 Ex

912 2451 962 2500 quo
980 2436 1108 2499 liquidum
1131 2442 1170 2486 est
1191 2436 1289 2501 respici
1307 2437 1393 2501 utique

911 2503 944 2553 ad
977 2505 1154 2569 proverbium:
1190 2504 1299 2553 Μιιοῶιι
1332 2506 1392 2562 λιιι,

911 2571 979 2635 quod
994 2571 1332 2622 Schleiermacherus
1349 2572 1394 2622 ali·

911 2646 950 2688 ter
961 2645 1039 2703 atque
1049 2638 1160 2689 debehat
1173 2639 1315 2690 intellexit.
1337 2641 1394 2690 Ete-

911 2709 964 2756 nim
983 2713 1135 2772 usurpatum
1152 2707 1218 2757 illud
1237 2715 1279 2758 est
1292 2709 1393 2757 omnino

912 2774 943 2824 de
966 2775 1013 2837 iis,
1044 2776 1089 2840 qui
1110 2777 1217 2841 impune
1247 2776 1394 2840 aquibus·

911 2842 976 2892 libet
1001 2844 1140 2893 laeduntur
1167 2859 1199 2894 ac
1228 2842 1393 2909 diripiuntur.

912 2910 1004 2960 Ortum
1022 2913 1117 2977 quippe
1136 2917 1176 2961 est
1188 2927 1204 2961 a
1218 2913 1313 2977 Mysis,
1331 2927 1394 2977 quos

911 2985 1031 3042 remant,
1054 2995 1105 3045 quo
1128 2985 1244 3044 tempore
1263 2979 1394 3046 Telephus

910 3062 1016 3112 peregre
1034 3047 1153 3109 abfuerit,
1169 3047 1340 3097 finitimorum
1358 3049 1394 3097 iu-

912 3113 1075 3165 cursionibus
1092 3115 1184 3164 misere
1202 3121 1314 3166 vexatos
1332 3131 1391 3166 esse.

911 3184 981 3233 Usus
999 3189 1037 3232 est
1054 3182 1191 3249 proverbio
1208 3184 1392 3234 Demosthe·

911 3267 967 3300 nes
1000 3267 1047 3316 pro
1082 3251 1176 3301 Ceron.
1208 3267 1233 3316 p.
1261 3250 1322 3303 248.
1356 3250 1392 3301 ed.

910 3318 999 3368 Reisk.
1014 3326 1090 3383 atque
1105 3320 1316 3370 Aristoteles
1330 3320 1393 3369 Rhe

911 3393 958 3435 tor
982 3386 1008 3449 Ι,
1027 3386 1080 3449 16.,
1104 3386 1151 3436 ubi
1168 3403 1251 3452 agens
1274 3387 1306 3437 de
1330 3387 1393 3438 locis

911 3455 1145 3504 coniecturalibus:
1179 3453 1222 3504 καλ
1254 3453 1315 3506 τοὺς
1344 3452 1392 3505 alud

913 3523 1015 3571 πολλῶν
1031 3519 1218 3604 ἅδικιςθὲιται,
1237 3523 1335 3608 iuquit,
1352 3523 1392 3573 καλ

913 3587 947 3655 μὴ
976 3589 1224 3653 ἐπιξιλιοιιται-
1253 3587 1290 3644 ιιι
1318 3588 1392 3642 ὄντας

912 3654 974 3706 κατὰ
988 3655 1033 3723 τὴν
1042 3663 1183 3723 παροιμίαι
1195 3659 1300 3708 Μυσῶν
1314 3660 1392 3712 larba,

912 3725 958 3775 ubi
976 3725 1057 3775 habes
1077 3726 1278 3791 explicationem
1300 3727 1392 3792 adagii

912 3793 978 3842 conf.
1001 3795 1079 3844 etiam
1107 3795 1300 3859 Harpocrat.
1326 3811 1346 3844 s.
1368 3809 1392 3842 v.

912 3859 1003 3926 ιι.123.
1014 3862 1053 3911 ed.
1062 3863 1133 3927 Lips.
1151 3862 1294 3912 Beklrer.
1312 3863 1392 3912 Aneo-

911 3929 964 3978 dot.
988 3930 1134 3995 Tom..pI
1137 3927 1392 3991 Ι279,15,ιιιιι1ι

911 3998 987 4047 etiam
1016 3999 1043 4046 in
1070 3997 1164 4047 iambis
1194 3967 1337 4057 Simonidis
1369 4002 1394 4046 et

911 4065 1030 4115 Stratidis
1048 4065 1141 4117 Medea
1157 4052 1226 4115 illud
1243 4071 1392 4132 usurpatum

910 4149 966 4183 esse
990 4133 1122 4184 discimus.
1165 4135 1305 4184 Praeterea
1334 4147 1393 4183 vero

909 4203 1000 4266 Mysos
1012 4207 1116 4252 constat
1130 4207 1235 4267 propter
1252 4201 1393 4252 secordiam

909 4269 986 4319 valde
1021 4271 1101 4319 fuisse
1131 4275 1291 4334 contemtos,
1326 4269 1393 4319 unde

380 4350 424 4384 cae
437 4337 491 4385 sive
502 4336 707 4386 Atheniensibus
720 4338 858 4401 inservias)
908 4344 991 4387 ortum
1008 4337 1074 4387 iliud
1091 4337 1273 4402 proverbium:
1295 4339 1396 4388 Μυσῶν

386 4403 486 4454 facies
509 4412 557 4454 etc.
601 4404 659 4466 Quo
683 4404 739 4454 loco
764 4421 858 4456 sermo·
908 4407 1026 4470 ἔσχατοι,
1055 4408 1223 4472 Mysorum
1251 4406 1396 4464 ultimus,
