3242 5259
282 599 319 654 14
637 593 934 655 Puonncunnnn

279 765 347 837 sint,
368 762 563 840 superioribus
583 764 711 822 mirifice.
755 762 854 828 Quum
881 765 960 823 enim
990 773 1134 827 oratorem
1161 772 1294 846 oporteat

279 870 322 922 ea,
344 869 419 928 quae
433 849 513 907 iusta
526 849 592 921 sint,
614 849 762 921 didicisse,
784 850 834 939 ille
848 869 926 922 vero,
949 851 1000 928 qui
1022 852 1132 931 aliquid
1151 854 1293 930 didicerit,

279 935 346 995 talis
367 934 473 993 evadat
486 953 602 992 necesse
618 935 664 1006 sit,
686 934 772 1013 quale
789 935 828 993 sit
847 935 920 993 illud
934 936 1038 1011 ipsum,
1060 940 1137 1015 quod
1151 939 1294 1014 didicerit,

279 1019 417 1097 consequi
446 1019 604 1098 arbitratur
632 1024 720 1097 atque
747 1020 838 1091 effici,
867 1026 902 1079 ut
928 1021 1028 1079 rhetor
1054 1043 1205 1100 nunquam
1233 1047 1293 1085 non

279 1105 355 1163 iuste
377 1108 445 1178 agat
464 1104 587 1180 ideoque
615 1123 728 1180 semper
756 1109 785 1162 et
812 1104 921 1182 ubique
942 1105 1037 1170 iustus
1064 1127 1128 1165 esse
1149 1109 1294 1170 videatur.

279 1191 362 1248 Haec
381 1188 485 1263 igitur,
515 1208 605 1266 quum
633 1189 773 1264 superiori
801 1189 925 1263 Gorgiae
954 1192 1116 1251 sententiae
1145 1195 1293 1254 adversari

279 1274 449 1345 videantur,
478 1273 566 1347 digna
594 1293 657 1333 esse
687 1274 742 1346 ait,
779 1293 854 1351 quae
884 1275 1087 1335 examinentur
1114 1277 1292 1353 diligentius.

280 1361 312 1418 P.
335 1364 406 1419 460.
427 1362 591 1416 A.-461.
615 1362 650 1417 A.
672 1359 829 1418 Enimvero
850 1366 1071 1434 argumentatur
1091 1361 1139 1420 hic
1161 1364 1294 1425 Socrates

281 1443 382 1502 callide
403 1463 419 1501 e
441 1463 494 1501 sua
520 1443 647 1515 ratione,
676 1463 734 1520 qua
762 1443 881 1502 virtutis
908 1445 1130 1505 fundamentum
1159 1467 1192 1506 ac
1213 1451 1293 1526 prin-

280 1528 386 1604 cipium
406 1528 532 1602 positum
553 1547 616 1586 esse
631 1529 778 1586 statuebat
798 1528 829 1585 in
852 1528 973 1588 scientia
994 1535 1024 1589 ct
1044 1531 1182 1591 interiore
1204 1534 1293 1593 animi

278 1611 479 1690 persuasione,
501 1631 576 1690 quae
596 1613 673 1670 hanc
693 1612 815 1670 haberet
834 1612 910 1685 vim,
939 1619 973 1672 ut
995 1617 1071 1692 quod
1093 1618 1158 1694 quis
1179 1637 1291 1692 verum,

278 1699 394 1768 bonum,
409 1697 527 1769 iustum,
542 1697 696 1755 honestum
710 1716 772 1755 esse
788 1699 977 1771 cognovisset,
991 1698 1021 1756 id
1035 1701 1123 1759 etiam
1136 1702 1168 1758 in
1182 1704 1293 1777 agendo

279 1788 463 1860 sequeretur,
492 1782 724 1859 quandoquidem
751 1781 892 1842 virtutem
926 1786 1062 1844 censebat
1088 1785 1120 1842 in
1148 1787 1227 1846 vitae
1264 1794 1294 1850 et

279 1866 400 1926 aetionis
421 1885 486 1924 cum
506 1867 619 1925 ratione
640 1872 669 1926 et
689 1867 841 1926 intellectu
855 1869 1006 1927 concordia
1020 1870 1168 1929 contineri.
1197 1871 1293 1935 Quam

279 1950 395 2030 quidem
416 1952 590 2011 sententiam
612 1953 688 2027 apud
703 1952 855 2012 Platonem
868 1953 1033 2029 saepissime
1049 1956 1086 2013 ed
1104 1956 1293 2018 ludificandos

279 2055 328 2094 eos
350 2036 477 2107 adhibet,
499 2036 550 2115 qui
570 2036 711 2096 virtutem
732 2037 799 2095 unis
820 2039 908 2096 rebus
929 2039 1058 2097 externis
1079 2041 1242 2101 metiuntur
1263 2049 1293 2103 ct

279 2120 411 2181 veritatis
432 2121 569 2179 scientiae
596 2121 713 2179 nomine
740 2141 793 2179 suo
814 2122 919 2195 dignae
946 2132 1080 2199 expertes
1106 2125 1220 2185 levibus
1249 2127 1293 2186 in-

278 2206 401 2280 dulgent
420 2206 499 2265 uitae
528 2205 714 2283 quotidianae
742 2206 940 2280 opinionibus,
972 2208 1014 2266 ita
1034 2214 1147 2282 tamen,
1174 2202 1209 2270 ut
1235 2212 1294 2272 ista

277 2290 391 2350 ratione
413 2290 499 2348 simul
521 2289 703 2348 callidissime
718 2309 818 2348 veram
837 2291 1011 2350 sententiam
1031 2312 1114 2351 suam
1128 2296 1220 2354 veluti
1241 2317 1294 2372 per

278 2380 450 2435 transennas
471 2375 612 2434 ostendat.
654 2375 699 2433 De
721 2393 779 2452 qua
800 2374 892 2450 ipsius
912 2376 1026 2434 ratione
1053 2398 1081 2436 v.
1103 2380 1233 2454 Prolegg.
1256 2383 1293 2439 ad

280 2462 399 2520 Lachet.
421 2481 449 2538 p.
472 2465 511 2521 20
524 2480 613 2539 seqq.
635 2461 679 2519 ed.
703 2463 730 2516 2.
774 2460 879 2537 Itaque
908 2461 962 2518 hoc
984 2479 1099 2538 quoque
1120 2463 1181 2519 loco
1203 2463 1292 2536 signi-

279 2547 348 2606 ficat
367 2545 544 2619 rhetoricen,
574 2546 599 2604 si
619 2545 691 2605 iusti
719 2543 870 2602 scientiam
898 2545 953 2603 sibi
982 2545 1148 2603 adiunctam
1176 2547 1291 2618 habeat,

279 2633 357 2691 idem
377 2631 466 2691 etiam
486 2631 517 2689 in
539 2631 649 2706 agendo
670 2649 733 2690 esse
747 2639 945 2708 sequuturam.
979 2629 1066 2692 Quod
1083 2636 1181 2689 tamen
1202 2650 1293 2708 quum

280 2716 385 2775 deinde
407 2735 424 2772 a
445 2716 529 2786 Polo,
551 2715 673 2789 Gorgiae
703 2720 891 2787 assectatore,
920 2715 999 2773 haud
1028 2715 1115 2774 dubie
1136 2716 1294 2774 secundum

279 2800 359 2860 illius
380 2805 508 2859 mentem
523 2805 660 2877 negetur,
683 2819 861 2876 consequens
883 2805 940 2870 est,
970 2805 1005 2858 ut
1026 2806 1117 2857 artem
1139 2800 1294 2858 oratoriam

171 2958 175 2968 ι
279 2884 408 2945 iustitiae
429 2883 539 2943 virtute
561 2902 657 2941 carere
680 2888 825 2958 appareat.

343 2969 460 3028 Etenim
482 2968 636 3027 committit
656 2967 759 3025 deinde
781 2967 903 3040 Gorgias
924 2985 1042 3024 caussae
1056 2966 1295 3043 disceptationem

279 3055 357 3114 ultro
379 3053 478 3112 amicis
499 3053 568 3112 suis.
611 3051 695 3116 Quod
722 3055 892 3125 argumento
920 3056 965 3110 est
985 3052 1137 3110 Platonem
1165 3052 1221 3128 ipsi
1243 3073 1294 3111 no-

279 3140 368 3198 luisse
388 3138 577 3214 turpitudinis
599 3137 721 3195 alicuius
742 3142 842 3194 notam
862 3135 987 3208 inurere,
1010 3136 1116 3214 quippe·
1138 3136 1219 3201 cuius
1238 3139 1294 3197 arti

280 3229 311 3284 et
339 3223 456 3299 ingenio
484 3228 612 3282 ceterum
640 3222 797 3298 plurimum
818 3220 962 3280 tribuerit.
1011 3221 1175 3281 Artificiose
1203 3222 1295 3296 igitur

280 3309 322 3368 sic
342 3308 480 3379 instituit,
501 3313 536 3369 ut
555 3308 614 3366 iam
634 3308 775 3382 prodeant
794 3306 827 3363 in
848 3325 963 3364 scenam
992 3307 1043 3384 qui
1073 3306 1152 3365 illius
1173 3308 1296 3367 decretis

281 3394 364 3454 abusi
392 3399 508 3470 turpem
544 3398 574 3452 et
601 3393 785 3450 inhonestam
820 3391 963 3450 rationem
990 3391 1155 3450 defendant.
1205 3392 1294 3450 Polus

281 3479 359 3538 enim
380 3473 507 3538 ostendit
527 3477 598 3537 artis
619 3476 760 3536 oratoriae
783 3476 931 3534 commoda
952 3480 982 3535 et
994 3476 1138 3536 utilitates
1160 3495 1208 3534 eas
1222 3497 1295 3549 esse,

281 3583 356 3642 quac
383 3563 574 3640 turpitudinis
602 3561 817 3620 inhonestatem
845 3560 1011 3635 longissime
1039 3565 1185 3637 superent.
1229 3561 1294 3620 Gal-

280 3648 362 3708 licles
383 3653 481 3707 autem
503 3648 591 3707 etiam
611 3646 735 3706 ulterius
761 3645 891 3722 procedit
919 3651 1007 3723 atque
1033 3645 1194 3704 iniustitiae
1221 3646 1297 3706 nihil

280 3752 398 3811 pmrsus
418 3733 513 3809 turpis
533 3732 663 3790 maculae
685 3732 842 3789 adhaerere
864 3730 996 3789 evincere
1016 3735 1145 3790 conatur.

344 3817 474 3878 Primum
494 3817 585 3893 igitur
604 3818 707 3888 Polus,
730 3815 845 3876 iuvenis
865 3816 976 3889 ingenii
998 3815 1156 3885 calidioris,
1186 3835 1293 3874 sermo-

281 3923 350 3962 nem
370 3902 498 3978 suscipit.
527 3904 567 3962 Et
587 3901 635 3959 hic
649 3900 775 3979 quidem,
797 3901 860 3960 sive
873 3921 933 3958 non
946 3901 1094 3958 intellecta
1116 3899 1178 3958 sire
1192 3919 1296 3976 parum

282 3993 383 4048 curata
404 3986 529 4046 Socratis
550 3985 702 4058 sententia,
723 3985 849 4061 primum
870 3984 993 4058 Gorgiae
1014 3980 1145 4043 caussam
1166 3984 1297 4045 defendit

156 4118 162 4128 .
264 4073 333 4145 sic,
353 4078 388 4132 ut
410 4092 477 4131 eum
503 4071 581 4130 dicat
605 4072 713 4148 pudore
740 4071 865 4149 quodam
893 4071 1096 4128 conturbatum
1123 4069 1297 4128 concessisse

282 4158 392 4217 rhetori
412 4177 511 4216 rerum
538 4157 682 4215 iustarum
702 4159 732 4214 ct
757 4155 932 4213 iniustamm
960 4153 1094 4213 notitiam
1115 4173 1177 4212 esse
1198 4174 1297 4212 neces-

283 4243 403 4314 sariam,
433 4241 569 4303 videlicet
596 4260 633 4299 ne
653 4241 796 4299 fateretur
817 4237 999 4316 eloquentiae
1019 4238 1172 4313 magistros
1201 4259 1296 4317 neque

282 4328 360 4402 ipsos
380 4328 523 4387 iustitiam
545 4332 653 4397 tenere,
673 4343 728 4383 nec
749 4323 815 4382 aliis
836 4323 916 4383 illius
931 4323 1125 4398 cognitionem
1144 4342 1228 4399 posse
1242 4324 1296 4381 im-

283 4412 399 4493 pertire.
427 4413 540 4473 Deinde
562 4411 716 4472 admodum
729 4409 918 4470 inclementer
931 4408 964 4467 in
978 4409 1126 4469 Socratem
1138 4407 1297 4482 invehitur,
