3242 5259
388 614 446 669 106
797 609 992 671 PLATONIS

386 769 451 836 ἔστι
470 759 534 852 τίς,
566 764 748 855 ὦΓορνία,
779 776 883 849 πίστις
910 762 1033 856 ψενδης
1059 774 1113 837 καὶ
1133 774 1273 855 ἄληθήςς
1302 773 1400 856 φαίης

385 874 445 947 ἄν,
474 871 517 945 ὡς
537 869 599 951 ἐγὼ
620 865 718 953 οἶμαι.
760 876 855 937 ΓΟΡ.
880 872 957 934 Ναί.
999 873 1072 934 Σόδ.
1106 871 1145 933 Τί
1165 868 1215 947 δές
1245 870 1400 955 ἐπιστήμη

386 966 450 1032 ἐστὶ
471 965 593 1049 ψευδὴς
613 967 667 1032 καὶ
687 971 826 1052 diuidit
859 973 890 1032 Γ
889 972 952 1033 ΟΡ.
979 967 1145 1050 Οὐδαμῶς.
1187 971 1265 1032 Σόδ.
1288 975 1400 1052 Δῆλον

384 1064 446 1147 γὰρ
476 1060 533 1140 αὖ,
562 1057 612 1128 ὅτι
641 1067 680 1129 οὐ
708 1069 829 1131 ταύτόν
855 1066 949 1130 ἐστιν.
1009 1068 1104 1128 ΓΟΡ.
1133 1070 1260 1149 Ἀληθῆ
1290 1064 1398 1148 λέγεις.

385 1165 462 1226 nst.
480 1156 582 1225 'Alth
602 1163 667 1243 μὴν
695 1164 731 1226 oi'
754 1163 787 1226 τὲ
811 1185 849 1246 με
880 1164 1098 1245 μεμαθηκότες
1117 1163 1321 1246 πεπεισμένοι
1343 1165 1401 1228 είσὶ

332 1259 362 1324 Ε
384 1259 437 1325 καί
458 1260 491 1324 oi
508 1261 758 1334 πεπιστευκότες.
802 1257 999 1326 souliers
1019 1270 1127 1323 ταῦτα.
1180 1263 1257 1324 Edi.
1281 1263 1399 1326 Βούλει

385 1353 447 1422 οὖν
467 1358 526 1421 δύο
543 1358 610 1440 ε’ίδη
623 1362 734 1440 θῶμεν
750 1365 892 1433 πειθοῦς,
913 1361 950 1421 τὸ
970 1359 1029 1441 μὲν
1050 1359 1157 1422 πίστιν
1177 1360 1399 1442 παρεχόμενον

385 1459 464 1519 ἄνευ
485 1465 544 1518 τοῦ
565 1451 691 1532 είδὲναι,
713 1457 749 1519 τὸ
765 1457 792 1519 δ’
810 1457 1002 1540 ἐπιστήμηνς
1024 1458 1118 1519 ΓΟΡ.
1142 1459 1239 1520 Πιίνν
1252 1479 1298 1539 γε.
1321 1460 1398 1522 Est.

386 1550 536 1635 Ποτέραν
555 1547 616 1617 οὖν
634 1554 656 1635 ἡ
677 1553 828 1637 ῥητορικὴ
849 1554 953 1618 πειθὼ
973 1559 1060 1617 ποιεῖ
1078 1551 1114 1617 ἐν
1129 1554 1346 1636 δικαστηρίοις
1364 1577 1400 1619 τε

384 1650 524 1726 καὶτοῖς
544 1654 652 1725 ἄλλοις
672 1655 776 1733 όχίοις
796 1651 952 1734 περὶτῶν
972 1651 1105 1715 δικαίων
1131 1651 1239 1715 τεκαὶ
1260 1653 1399 1730 οίδίκαν;

386 1747 418 1826 ἐξ
439 1739 477 1832 ἧς
496 1751 532 1814 τὸ
554 1750 713 1812 πιστεύειν
741 1751 881 1831 γίγνεται
909 1753 989 1812 ἄνευ
1010 1759 1069 1812 τοῦ
1098 1749 1231 1827 είδέναι,
1261 1751 1282 1833 ἢ
1311 1749 1342 1829 ἐξ
1361 1741 1401 1835 ἦς

442 1901 479 1951 Τι’
495 1898 543 1961 δέ;
567 1897 728 1965 ἐπιστήμη
745 1899 787 1966 -]
811 1898 857 1949 δαί
873 1899 960 1950 Clark.
978 1915 1012 1949 ex
1030 1916 1087 1963 em.‚
1110 1901 1168 1950 Par.
1185 1903 1218 1962 Ι.,
1244 1901 1314 1966 quod
1331 1902 1403 1953 dedit

385 1968 497 2017 Bekker.
521 1968 601 2018 Ocisl.
619 1965 720 2033 ψευδής
743 1986 768 2018 τε
792 1969 834 2017 καί
859 1965 896 2018 ἀλ.
932 1968 1001 2017 Dein
1022 1984 1068 2033 prc
1096 1964 1223 2030 Οὐδαμῶς
1240 1968 1322 2035 vulgo
1346 1977 1404 2021 erat

391 2032 429 2086 Οὐ
448 2034 518 2101 δῆτα,
537 2036 605 2100 quod
623 2052 690 2085 unus
707 2037 766 2086 Par.
784 2037 814 2085 Ε.
833 2037 960 2097 servavit,
982 2037 1062 2086 ceteri
1085 2053 1138 2086 non
1161 2044 1315 2102 agnoscunt
1349 2039 1402 2090 Pro

386 2103 457 2168 vulg.
477 2103 568 2168 Δῆλον
584 2099 634 2167 γὰρ
654 2096 703 2152 οὖν
720 2103 821 2153 restitui
835 2104 926 2169 Δῆλον
942 2101 992 2170 γὰρ
1004 2095 1037 2153 αὖ
1054 2119 1087 2152 ex
1099 2102 1187 2153 Clark.
1199 2104 1258 2155 Vat
1273 2107 1307 2154 Δ.
1321 2105 1403 2156 Coisl.

385 2172 450 2220 Ven.
470 2171 530 2220 ΞΣ.
549 2170 654 2220 Vindl.
662 2170 686 2221 6.
704 2173 761 2222 Par.
778 2172 953 2222 BCFIVW.
971 2172 1038 2237 Aug.
1051 2173 1157 2222 Meerm.
1172 2172 1247 2223 Bodl.
1260 2172 1332 2224 Flor.
1343 2190 1367 2223 a.
1379 2189 1404 2224 c.

386 2238 410 2289 d.
429 2255 461 2288 m.
480 2255 502 2288 ο.
520 2255 546 2288 x.
564 2245 589 2287 et
606 2238 666 2288 adit.
683 2241 743 2290 Bas.
761 2238 785 2290 2.

437 2307 473 2355 oi
485 2304 517 2354 ιε’
539 2323 574 2371 γε
596 2306 722 2374 papam]
752 2324 782 2374 ys
804 2306 920 2357 additum
941 2321 956 2355 ο
979 2306 1066 2357 Clark.
1089 2307 1148 2357 Vat.
1172 2307 1253 2358 Goisl.
1276 2309 1342 2358 Van.
1370 2309 1402 2360 Σ.

386 2372 464 2424 Vind.
481 2371 505 2424 1.
522 2372 547 2424 2.
565 2373 588 2426 6.
607 2372 630 2425 l.
647 2376 705 2425 Par.
722 2375 879 2426 BGFVW.
897 2375 972 2425 Bodl.
990 2376 1057 2440 Aug.
1075 2377 1182 2425 Meerm.
1199 2375 1271 2426 Flor.
1293 2393 1317 2427 a.
1334 2378 1362 2431 b.
1382 2394 1404 2428 c.

386 2442 548 2492 dmum

436 2511 466 2560 E.
481 2510 515 2573 ἐξ
533 2501 567 2577 ἦε
586 2507 618 2560 τὸ
637 2508 728 2576 τιατ]
747 2511 834 2564 Clark.
852 2511 896 2562 hic
913 2516 939 2560 ct
955 2527 1016 2560 mox
1028 2509 1097 2576 ἑξῆς,
1117 2509 1185 2574 quod
1199 2509 1297 2576 ubique
1315 2528 1405 2563 emen-

386 2577 458 2628 davit
473 2594 565 2627 manus
582 2579 716 2628 recentior.

420 2714 450 2763 E.
485 2708 694 2777 Ἠρητοριαὴ
722 2706 797 2777 ἄρα,
827 2709 869 2764 alc
921 2708 948 2760 τὸ
973 2710 1044 2761 ι’δεῑν
1072 2709 1101 2760 τὰ
1126 2708 1277 2776 ὑπάρχοντα
1301 2713 1404 2765 πιθανὰ

388 2779 478 2829 ἔοικε
494 2778 537 2846 -]
561 2780 704 2841 Quintil.
728 2783 809 2831 lustit.
833 2782 867 2841 II,
920 2780 982 2840 περὶ
1006 2780 1123 2830 ἕκαστον.
1172 2781 1248 2842 Quod
1277 2781 1405 2834 adversus

387 2845 434 2896 15:
470 2847 611 2912 Gorgias
647 2847 729 2912 apud
763 2849 867 2898 Plato·
917 2848 1052 2897 Platonem
1082 2847 1151 2910 apud
1174 2848 1299 2913 Gorgiam
1323 2849 1405 2918 dirigi

387 2930 456 2963 nem
479 2914 706 2979 persuadendi
735 2931 767 2964 se
792 2917 867 2965 arti·
917 2921 992 2965 notat
1007 2917 1159 2965 Muretus
1177 2916 1251 2966 Varr.
1266 2917 1340 2968 Lect.
1356 2919 1403 2969 XI.

387 2983 485 3032 ficem
508 2983 541 3030 in
570 2981 710 3032 iudiciis
735 2987 765 3032 et
788 2983 867 3032 aliis
919 2980 974 3033 18.·’
1008 2983 1129 3032 Coraes
1158 2998 1204 3048 pro
1238 2992 1404 3052 πιστευτικῆε

388 3048 543 3100 coetibus
566 3066 641 3099 csse
669 3051 728 3110 ait;
758 3050 795 3100 de
823 3052 867 3100 iu·
917 3050 1056 3116 legendum
1083 3052 1231 3114 suspicatur
1264 3061 1404 3120 πειστικῆε.

388 3118 449 3167 stis
467 3133 593 3182 quoque
611 3123 640 3166 ct
654 3119 867 3168 iniustistra-
918 3118 997 3168 Male.
1013 3119 1080 3169 Nam
1091 3118 1248 3184 intelligitur
1259 3124 1405 3186 persuasio,

388 3190 493 3235 ctare:
528 3187 579 3235 cui
612 3185 766 3236 Socrates
799 3202 867 3251 per·
919 3184 948 3248 ἐξ
965 3179 996 3251 ἦε
1014 3182 1043 3234 ιδ
1061 3183 1193 3236 πιστεύειν
1208 3189 1321 3252 γίγνεται
1339 3186 1404 3241 ἄνευ

388 3251 565 3316 suadendi,
617 3269 679 3303 non
724 3254 866 3304 docendi
919 3259 965 3303 τοῦ
982 3252 1090 3314 εἰδέναι,
1114 3255 1189 3316 eiquo
1207 3257 1348 3319 opponitur
1367 3256 1405 3307 δι-

388 3320 548 3369 concedit
565 3321 770 3371 facultatem.
788 3324 867 3371 Rou-
919 3320 1070 3387 δασκαίικη,
1097 3337 1129 3370 ex
1148 3337 1201 3385 qna
1217 3323 1300 3372 oritur
1316 3321 1347 3374 τό
1365 3325 1402 3376 εί-

387 3388 478 3437 thius
501 3387 533 3438 ad
554 3389 580 3437 h.
603 3387 634 3437 l.:
666 3389 792 3454 „Gorgias
817 3390 867 3450 hoc
919 3387 999 3438 δέναι.
1017 3390 1156 3454 Vulgatam
1171 3388 1312 3441 lectionem
1323 3394 1405 3443 etiam

385 3454 489 3520 dialogo
507 3455 589 3505 veluti
607 3463 712 3506 coactus
730 3473 746 3506 a
762 3457 867 3507 Socrate
919 3456 1090 3508 Aristides
1113 3457 1230 3520 sequitur
1252 3458 1325 3509 Orat
1344 3461 1405 3511 Pla·

385 3525 477 3573 statuit
510 3524 663 3573 rhetoricam
702 3525 754 3573 vim
794 3541 866 3574 esse
919 3531 971 3574 ton.
980 3526 1001 3573 Ι.
1014 3541 1040 3589 p.
1050 3521 1100 3585 47„
1116 3523 1164 3573 ubi
1180 3524 1342 3577 discriminis
1359 3529 1404 3579 hic

385 3590 528 3642 dicendo
557 3591 787 3655 persuadendi.
827 3594 868 3643 Ita
919 3593 1061 3642 aPlatcne
1082 3593 1151 3642 inter
1171 3589 1257 3643 πειθώ
1275 3610 1406 3646 πιοτευτι-

386 3658 523 3720 Quintil.
547 3660 581 3721 ΙΙ,
606 3659 658 3721 ru,
686 3659 732 3709 ubi
754 3661 867 3710 maxime
919 3656 967 3726 κῆν
991 3666 1016 3709 et
1039 3656 1224 3725 διδασκαλικὴν
1246 3662 1309 3712 facti
1331 3679 1405 3714 rnen·

385 3726 500 3776 illustres
517 3726 729 3791 philosophorum
741 3727 868 3778 definitio·
918 3729 1015 3779 tionem
1032 3728 1122 3776 iniicit.

385 3809 432 3842 nes
451 3801 645 3857 enumerantur,
668 3795 695 3843 id
719 3795 788 3860 quod
805 3796 869 3845 fecit
952 3797 981 3846 P.
998 3795 1056 3846 455.
1081 3791 1159 3845 itti
1177 3794 1334 3851 πισιιιιδι·
1351 3796 1403 3860 μα’-

385 3862 473 3912 Scxt.
490 3863 607 3928 Empir.
631 3863 660 3912 L.
679 3863 711 3912 11.
731 3863 788 3912 adv,
810 3865 868 3913 Ma·
922 3861 988 3928 νον]
1034 3863 1109 3924 Quod
1138 3865 1165 3912 in
1196 3863 1298 3928 aliquot
1328 3867 1405 3918 codd.

385 3929 477 3990 them,
499 3930 616 3981 Platonis
633 3932 715 3979 nostri
731 3932 868 3996 praecipue
919 3932 1043 3995 scriptum
1073 3935 1159 3981 exstat
1192 3929 1341 3992 πειστικός,
1376 3934 1404 3985 id

385 3996 435 4046 hac
453 3998 484 4047 de
505 4013 533 4048 re
550 3999 704 4048 sententiam
727 4015 867 4063 exponens.
919 4014 1075 4063 quamquam
1087 3999 1288 4063 Stephanus,
1305 4000 1406 4053 Hein-

385 4064 462 4115 Hanc
496 4071 581 4116 autem
614 4066 762 4130 opinionem
792 4067 867 4117 Plato
919 4066 1065 4126 dorfius‚
1089 4066 1226 4127 Coraca,
1247 4066 1405 4123 Herman-

386 4147 438 4182 non
450 4133 509 4195 sibi,
527 4134 549 4183 si
563 4134 755 4196 Quintilianum
767 4133 867 4197 audias,
918 4150 993 4196 nus,
1015 4133 1061 4183 alii
1083 4132 1240 4198 probarunt,
1264 4134 1405 4189 tamen'ub

387 4199 431 4249 scd
451 4202 562 4266 Gorgiae
586 4201 697 4250 adscribi
719 4201 810 4252 voluit.
834 4231 868 4238 —
918 4202 968 4251 hoc
1001 4201 1059 4251 loco
1094 4201 1209 4252 alienum
1246 4202 1404 4259 iudicanti⁸

386 4267 427 4316 Ab
456 4268 641 4318 Aristotele
670 4270 773 4334 quidem
801 4271 868 4320 Rhe·
918 4271 986 4320 Nam
1014 4269 1101 4320 rhetor
1127 4272 1407 4387 propterca-rodim
1462 4310 1466 4323 .

387 4338 434 4383 tor.
452 4336 477 4397 l,
495 4335 525 4399 1,
549 4335 588 4386 14.
613 4336 708 4386 dicitur
731 4334 758 4388 τό
782 4344 869 4388 πεῖσαι
919 4334 1045 4394 nectendo,
1073 4352 1125 4402 quc
1168 4334 1196 4388 ιδ
1225 4332 1407 4405 crudaria
1460 4346 1466 4435 η

388 4396 436 4452 οὐκ
454 4401 534 4473 ἔργον
553 4400 689 4471 ῥητορικῆς
706 4399 787 4466 εἶναι,
805 4402 868 4456 ἄλλα
919 4409 1007 4456 πίστιν
1028 4400 1094 4456 ἄνευ
1127 4410 1174 4457 τοῦ
1195 4402 1317 4459 aldim
