3242 5259
550 597 604 654 AD
627 596 812 657 abaciam
833 597 1037 657 PLATONIS.
1259 601 1296 661 57

281 764 321 824 sit
341 764 442 840 potius
463 769 578 841 tempus
599 765 717 843 aliquod
737 766 788 825 illo
807 767 959 843 posterius,
980 767 1113 846 quamvis
1134 788 1193 826 non
1214 769 1299 844 longe

280 850 350 907 inde
379 849 524 921 dissitum,
552 870 610 929 quo
638 851 800 909 Leontinus
828 852 973 928 sophista,
1002 858 1118 928 peracto
1145 853 1300 928 legationis

280 954 420 1006 munere,
443 936 576 994 Athenas
596 929 692 994 denuo
719 936 862 995 reviserit.
904 937 1034 1011 Longius
1054 957 1124 997 vero
1145 938 1213 997 inde
1241 938 1299 997 dis-

280 1019 371 1077 oessit
406 1019 468 1077 Ed.
496 1019 678 1078 Munkius
704 1019 736 1078 in
764 1021 852 1079 libro:
888 1023 946 1080 Βία
974 1023 1135 1082 natrirlr'cbe
1164 1024 1300 1098 &dreng

279 1106 331 1163 der
353 1105 470 1162 Platea.
487 1105 642 1181 Sebastos,
665 1125 693 1180 p.
712 1108 788 1177 120,
810 1105 862 1184 qui
882 1105 1008 1164 maxime
1028 1112 1146 1183 propter
1159 1126 1201 1178 ea,
1224 1126 1299 1185 quae

279 1208 316 1263 p:
333 1192 405 1246 519.
428 1189 473 1247 ed
489 1189 588 1265 Stepla
611 1191 647 1248 de
661 1189 812 1249 Alcibiade
832 1191 1025 1261 disseruntur,
1048 1192 1083 1250 de
1104 1192 1210 1269 quibus
1230 1212 1300 1250 mox

279 1273 397 1332 dicetur
426 1273 614 1350 explicatius,
644 1274 791 1347 dialogum
820 1275 979 1335 arbitratur
999 1275 1113 1353 Olymp.
1136 1283 1184 1348 90,
1210 1280 1235 1334 1.
1257 1297 1298 1328 =

281 1362 344 1415 420
368 1376 394 1415 a
417 1358 483 1416 cnr.
505 1378 534 1416 n.
555 1358 688 1417 habitum
714 1359 793 1433 fingi.
837 1361 936 1437 Atque
964 1360 1097 1420 similiter
1126 1360 1214 1419 etiam
1240 1359 1298 1431 alii,

280 1441 340 1499 alia
360 1442 469 1501 similia
481 1443 596 1520 sequuti
617 1448 778 1518 temporum
799 1444 931 1518 vestigia,
953 1444 1091 1504 statiusse
1105 1445 1299 1521 reperiuntur,

280 1526 313 1584 in
334 1527 443 1604 quibus
464 1532 510 1586 est
529 1529 588 1585 Ed.
611 1528 630 1585 J
638 1528 775 1586 ahnius
796 1529 891 1587 Praof.
913 1531 950 1587 ad
972 1530 1057 1603 Gorg.
1077 1551 1106 1606 p.
1127 1530 1212 1589 XVI.
1241 1530 1298 1588 Sed

278 1611 441 1670 maximam
462 1614 499 1671 ab
520 1612 571 1670 illa
591 1613 736 1671 sententia
764 1612 967 1672 discessionem
987 1615 1090 1674 fecisse
1111 1615 1299 1674 existimandi

278 1700 350 1754 sunt
372 1696 425 1774 qui
445 1696 540 1755 habiti
560 1697 666 1772 dialogi
687 1703 802 1774 tompus
824 1700 861 1756 ad
883 1705 1042 1757 extremam
1067 1699 1136 1757 belli
1158 1700 1299 1776 Pelopon·

278 1780 390 1838 nesiaci
411 1786 537 1840 aetatem
557 1783 742 1841 rettulerunt.
771 1781 856 1844 Quod
877 1783 995 1861 quidem
1010 1784 1209 1859 praeteralios
1224 1785 1299 1842 fece

279 1871 352 1924 runt
379 1864 437 1924 viri
465 1866 706 1942 praestantissimi
734 1867 832 1926 Frid.
855 1868 1238 1927 Schleiermacherus
1269 1873 1300 1928 et

279 1951 305 2008 F
312 1949 380 2009 rid.
406 1951 557 2022 Astius,
579 1951 631 2029 qui
644 1971 735 2030 quum
755 1952 787 2009 in
808 1953 873 2010 aliis
887 1953 987 2012 multis
1001 1954 1037 2011 de
1052 1953 1175 2027 Gorgiae
1190 1953 1299 2012 caussis

280 2040 311 2092 et
333 2034 463 2094 consiliis
485 2035 673 2107 dissentiant,
700 2037 851 2095 tamenin
878 2057 912 2094 eo
934 2038 1099 2113 conspirant
1120 2037 1299 2109 amicissime,

280 2120 358 2197 quod
387 2139 405 2177 e
433 2120 497 2178 loco
524 2141 552 2196 p.
582 2123 652 2179 473.
682 2121 712 2179 O.
746 2121 903 2180 clarissime
931 2142 1069 2198 apparere
1097 2121 1300 2181 iudicaverunt

280 2224 444 2263 sermonem
472 2224 531 2262 non
558 2205 615 2263 alio
644 2213 771 2281 tempore
799 2207 933 2265 habitum
960 2207 1032 2281 fingi
1067 2227 1155 2286 quam
1183 2206 1298 2284 Olymp.

283 2293 331 2360 93,
355 2294 384 2346 4.
414 2290 463 2349 vel
492 2294 552 2348 405
584 2310 608 2347 a
631 2291 697 2348 chr.
720 2311 757 2361 n.,
787 2311 964 2369 quamquam
992 2312 1067 2369 quae
1095 2292 1164 2349 huic
1192 2291 1299 2350 rationi

281 2373 430 2432 adversari
457 2373 609 2446 videntur,
646 2395 680 2433 ea
710 2375 901 2449 diligentiori
916 2377 1044 2434 examini
1072 2377 1300 2454 haudquaquam

281 2458 478 2518 subiecerunt.
526 2462 626 2537 Atque
653 2460 729 2517 hanc
756 2460 898 2518 rationem
926 2461 1061 2536 probavit
1082 2460 1168 2518 etiam
1191 2461 1221 2518 O.
1243 2461 1297 2518 Fr.

281 2543 526 2602 Hermannus
546 2544 578 2601 in
592 2543 703 2602 Hister.
716 2544 824 2602 Philos.
839 2546 952 2602 Platon.
973 2546 1037 2602 Vol.
1052 2546 1076 2602 1.
1098 2565 1125 2619 p.
1142 2546 1221 2614 476,
1243 2544 1298 2602 etsi

282 2629 317 2686 de
339 2629 443 2686 eadem
463 2649 491 2704 p.
516 2633 585 2686 634.
608 2649 674 2686 ann.
690 2633 761 2687 390.
781 2629 912 2707 loquitur
933 2628 1123 2700 dubitantius,
1145 2647 1298 2702 argumen-

281 2713 319 2772 tis
341 2713 407 2771 eius
429 2713 602 2790 quibusdam
622 2713 654 2770 in
675 2714 900 2772 controversiam
920 2714 1039 2773 vocatis.
1069 2715 1174 2791 Itaque
1196 2719 1299 2790 sponte

280 2797 467 2871 intelligitur,
489 2797 597 2873 opinor,
618 2798 747 2857 virorum
768 2801 918 2857 doctorum
943 2799 1050 2857 iudicia
1069 2799 1177 2856 bacin
1199 2818 1301 2858 caussa

281 2882 445 2958 discrepare
466 2901 525 2939 non
545 2881 741 2954 mediocriter,
764 2883 998 2961 quandoquidem
1018 2884 1116 2958 agitur
1143 2884 1178 2942 de
1200 2884 1299 2942 discri-

280 2968 359 3025 mine
382 2968 536 3026 dumtaxat
561 2967 667 3041 viginti
696 2968 785 3027 trium
812 2988 963 3026 annorum.
1006 2966 1082 3030 Quid
1109 2968 1217 3042 igitur?
1246 2989 1299 3045 pu-

280 3052 448 3110 tabimusne
470 3051 565 3128 ipsum
580 3053 739 3124 Platonem,
761 3054 832 3110 dum
844 3053 992 3127 dialogum
1009 3058 1039 3110 et
1053 3054 1300 3127 elegantissimum

281 3141 311 3194 et
332 3135 539 3211 gravissimum
560 3137 735 3213 composuit,
764 3137 795 3195 in
826 3138 999 3196 edomandis
1020 3138 1200 3196 sermonibus
1228 3139 1300 3197 adeo

278 3221 372 3280 fuisse
393 3220 571 3280 incuriosum
593 3222 640 3281 vel
661 3222 882 3293 inconstantem,
904 3228 937 3280 ut
958 3241 996 3280 ne
1014 3222 1214 3282 informaverit
1234 3223 1298 3301 qui-

279 3307 347 3365 dem
368 3306 467 3364 animo
488 3306 559 3365 certi
587 3305 710 3364 alicuius
738 3307 876 3383 temporis
898 3311 1008 3366 statum
1036 3312 1066 3366 et
1086 3307 1299 3366 conditionem?

279 3410 318 3448 an
345 3410 417 3450 vero
445 3390 529 3449 nobis
556 3391 793 3466 persuadebimus
827 3411 895 3449 eum
923 3391 1048 3450 confluis
1076 3396 1107 3449 et
1135 3391 1299 3450 commixtis

279 3482 445 3551 temporum
466 3474 580 3533 indiciis
601 3495 783 3534 communem
803 3477 950 3554 quandam
978 3482 1008 3535 et
1036 3495 1074 3534 ex
1101 3474 1191 3536 variis
1220 3478 1298 3534 aeta-

280 3560 360 3619 tibus
390 3559 547 3619 conflatam
580 3579 678 3618 rerum
713 3561 895 3636 publicarum
930 3561 1086 3636 imaginem
1113 3560 1298 3635 spectavisse,

280 3644 368 3704 sicuti
396 3664 491 3721 nuper
515 3645 751 3704 Deuschlius
779 3646 896 3717 statuit,
925 3647 976 3724 qui
997 3646 1201 3722 philosophum
1223 3645 1298 3705 arbi·

278 3735 377 3789 bratus
405 3737 453 3788 est
477 3748 537 3787 non
563 3732 624 3788 tam
650 3735 762 3789 certum
791 3732 935 3808 quoddam
963 3736 1093 3806 tempus,
1123 3731 1174 3788 sed
1201 3730 1299 3806 potius

280 3834 464 3874 communem
485 3815 639 3893 quamdam
659 3815 797 3891 temporis
810 3815 906 3874 ideam
928 3835 991 3874 esse
1011 3815 1172 3874 intuitum?
1198 3815 1299 3872 Enim·

278 3919 350 3959 vero
371 3899 456 3959 nobis
478 3897 596 3976 quidem
617 3903 723 3958 neutra
749 3900 845 3975 placet
871 3900 1025 3959 sententia
1069 3900 1200 3978 Utroque
1221 3899 1299 3958 enim

278 3989 365 4060 pacto
386 3984 577 4060 philosophus
604 3983 775 4059 gravissime
795 3983 958 4044 violaturus
978 3978 1084 4044 fuisset
1111 3984 1182 4043 artis
1210 3985 1299 4058 leges,

278 4089 317 4128 ox
338 4069 457 4147 quibus,
477 4067 563 4127 sicuti
583 4068 691 4127 fabulis
712 4068 841 4140 scenicis,
863 4068 905 4127 ita
926 4069 1015 4128 etiam
1035 4067 1156 4143 dialogis
1178 4070 1214 4126 ad
1235 4068 1299 4126 illa-

278 4174 345 4213 rum
367 4152 588 4212 similitudinem
609 4153 774 4230 compositis
802 4158 914 4212 certum
942 4153 1060 4231 aliquod
1089 4159 1204 4229 tempus
1232 4172 1299 4211 con-

278 4239 419 4299 stitutum
440 4257 503 4297 esse
525 4238 619 4309 debet,
641 4239 777 4316 adquod
798 4238 923 4316 denique
949 4238 1053 4308 omnia,
1075 4253 1150 4316 quae
1172 4244 1300 4313 aguntur

280 4329 370 4402 atque
392 4323 584 4393 dissenrntur,
605 4323 793 4398 probabiliter
812 4321 915 4381 referri
937 4327 1053 4400 queant.
1083 4324 1188 4401 Itaque
1210 4344 1298 4402 quae-

278 4408 386 4478 sivisse
408 4427 479 4470 sane
499 4407 620 4497 iuvabit,
642 4427 786 4490 numqua
807 4412 922 4487 tempus
942 4407 1034 4487 possit
1053 4408 1160 4478 certius
1174 4409 1297 4494 definiri,
