3242 5259
512 597 696 658 GORGIAS.
718 602 751 660 P.
775 602 845 661 477.
869 604 939 661 478.
961 606 1006 663 ed.
1030 606 1073 665 St.
1239 614 1294 667 181

282 760 404 835 λάττεις
435 761 475 823 οὐ
502 764 745 844 χρηματιστικής
787 766 895 826 ΠίλΛ.
936 767 1012 829 Ναί.
1062 769 1135 831 ΣΩ.
1183 771 1237 844 Τίς
1265 769 1299 834 δὲ

282 858 402 932 νόσους
425 859 485 921 οὐκ
506 859 649 940 ίατρικής
681 862 788 923 Hm.
810 862 963 944 Ἀνοίγκη.
1006 867 1083 926 m.
1113 865 1168 938 Τίς
1188 864 1222 929 δὲ
1243 890 1297 932 πο-

280 955 396 1036 νηρίας
416 953 469 1018 καί
489 955 613 1030 ἀδικίας
620 983 628 1031 ς
658 958 701 1020 El
721 956 765 1040 μὴ
786 957 889 1032 οὕτως
910 961 1065 1040 εὐπορεῖς,
1088 949 1150 1024 ὧδε
1170 964 1296 1026 σκότια
1320 969 1383 1033 478

281 1056 341 1114 ποῖ
359 1055 481 1132 ἄγομεν
501 1051 554 1116 καί
574 1054 661 1134 παρὰ
682 1056 772 1129 τίνας
790 1054 868 1129 τοὺς
888 1057 1071 1138 κάμνοντας
1090 1057 1129 1121 τὰ
1150 1062 1297 1141 σώματας

282 1151 392 1212 ΠΩΛ.
416 1148 512 1228 Παρὰ
534 1149 610 1225 τοὺς
630 1152 770 1230 ἰατρούς,
801 1145 1030 1232 ὧΣοίκρατες.
1073 1159 1145 1219 ΣΩ.
1177 1161 1246 1222 Ποῖ
1264 1157 1299 1222 δὲ

280 1246 357 1320 τοὺς
373 1247 564 1320 ἀδικοῦντας
580 1246 634 1312 καί
649 1249 726 1322 τοὺς
740 1249 1046 1327 ἀκολασταίνονταςς
1070 1254 1190 1317 mm·
1200 1255 1300 1340 ΠαρίιΙ

278 1343 356 1416 τοὺς
385 1343 535 1418 δικαστὰς
563 1341 671 1426 λέγεις.
722 1349 795 1410 ΣΩ.
835 1349 968 1412 Οὐκοῦν
995 1350 1088 1431 δίκην
1117 1345 1297 1428 δοίσονταςς

282 1443 392 1504 mm.
427 1443 522 1524 Φημί.
563 1446 639 1506 ΣΩ.
669 1431 741 1523 ³Ap'
770 1438 832 1508 οὖν
860 1442 901 1509 οὐ
921 1446 1109 1529 δικαιοσύνη
1131 1447 1193 1512 τινί
1214 1452 1296 1532 χρώ-

279 1559 373 1620 μενοι
401 1541 593 1616 κολάζουσιν
620 1540 652 1603 οί
676 1541 784 1621 ὀρθῶς
804 1546 1008 1622 κολάζοντεςς
1047 1548 1154 1608 ΠΩΛ.
1185 1551 1298 1629 Δῆλον

279 1637 329 1718 δή.
381 1638 454 1700 ΣΩ.
493 1636 728 1720 Χρηματιστικη
760 1639 820 1722 μὲν
853 1645 918 1722 ἀρα
952 1643 1063 1717 πενίας
1098 1643 1297 1717 ἀπαλλάττει,

281 1732 406 1815 ἰατρικὴ
424 1732 458 1797 δὲ
473 1735 586 1814 νόσον,
607 1736 679 1817 δίκη
701 1736 734 1800 δὲ
755 1737 928 1813 ἀκολασίας
949 1738 1002 1802 καί
1023 1739 1156 1815 ἀδικίας.
1191 1743 1297 1804 mm.
1321 1743 1349 1807 Β

282 1834 446 1894 Φαίνεται.
493 1834 567 1896 Σίλ.
609 1835 646 1895 Τί
674 1829 735 1898 οὖν
762 1836 889 1899 τούτων
917 1837 1086 1901 κάλλιστόν
1115 1835 1219 1915 ἐστιν,
1250 1827 1297 1902 ὧν

280 1926 380 2009 λέγως
410 1932 516 1994 mm.
545 1931 652 1995 Τίνων
672 1929 787 2012 λέγειςς
816 1936 890 1997 Σίλ.
915 1937 1179 2017 Χρηματιστικης,
1201 1937 1296 2017 ἰατρι-

316 2115 344 2163 Ρ.
363 2111 422 2164 478.
457 2115 487 2163 Β.
527 2086 1100 2176 Τι’ννντούτωνκάλλισιόνίστιν,
1093 2111 1296 2236 ,ὦνλέγωςᾹ

280 2172 333 2230 οὖν
351 2197 402 2231 οιιι.
420 2181 507 2231 Clark.
525 2189 551 2232 et
568 2183 626 2232 Vat.
644 2183 714 2234 Flor.
732 2200 757 2232 x.
776 2184 848 2234 Stob
884 2186 951 2234 Dein
970 2177 1070 2234 libri'
1048 2203 1088 2236 ων
1106 2183 1198 2251 λέγειν,
1226 2202 1277 2251 quo

279 2254 310 2298 ut
327 2249 468 2299 absurdum
484 2250 561 2300 uncis
579 2249 687 2300 seclusit
697 2251 846 2313 Hermann„
864 2252 1001 2302 Βελιίιοιοιι
1018 2252 1114 2318 aliique
1130 2269 1236 2317 prorsus
1253 2270 1297 2304 ex·

280 2319 437 2367 stinxerunt
472 2317 523 2367 Sed
540 2317 614 2367 Bodl.
631 2319 737 2368 Bouthii
760 2311 879 2370 habet
857 2337 878 2370 ιι
897 2319 974 2385 λέγω,
997 2320 1065 2371 unde
1083 2321 1218 2370 Heindorf.
1236 2322 1298 2372 seri·

282 2385 394 2435 bendum
421 2385 529 2449 putabat
552 2376 574 2434 αί
598 2383 679 2435 Helle.
727 2386 778 2436 sed
802 2403 863 2438 vere
886 2387 1034 2439 Findeisen.
1057 2380 1097 2438 οίν
1119 2386 1195 2455 λέγω,
1228 2389 1297 2453 quod

280 2452 395 2516 postulat
412 2467 523 2516 sequens
540 2453 599 2502 Poll
615 2454 795 2519 interrogatio:
820 2455 908 2505 Τινων
924 2453 1019 2521 λέγειις
1038 2457 1187 2506 Proximum
1207 2457 1297 2506 Τίνων

281 2518 378 2583 λέγειςς·
396 2520 493 2570 deest
485 2537 512 2570 ιιι
530 2520 606 2570 vind.
624 2520 647 2572 6.
674 2522 731 2571 Par.
752 2523 811 2571 IW.

280 2689 396 2738 omnium
432 2689 584 2738 auctoritate
612 2687 762 2738 reduximus
814 2694 866 2737 tur
894 2705 931 2738 ex
959 2689 1012 2739 his
1038 2690 1184 2754 quidem,
1215 2707 1297 2755 quae

279 2772 325 2821 pro
342 2755 416 2820 vulg
434 2761 523 2815 τοῦτο,
547 2756 643 2806 referas
661 2755 693 2806 ad
712 2761 763 2806 1ko
815 2756 989 2822 disputata
1024 2764 1107 2807 sunt.
1157 2759 1297 2808 Lucian.

282 2829 427 2889 πονηριῶν
462 2822 504 2873 Ad
525 2824 578 2873 loci
595 2825 763 2874 constructio·
816 2825 968 2878 Hermotim.
986 2827 1010 2886 ᾖ.
1027 2822 1070 2875 47.
1086 2841 1112 2890 p.
1129 2822 1192 2876 788.
1215 2825 1300 2876 ἔοικεν

280 2907 339 2940 nem
365 2891 432 2941 conf.
449 2907 474 2955 p.
492 2888 550 2942 475.
568 2893 655 2941 B.-
683 2893 763 2941 Porro
816 2888 869 2941 απο
878 2909 908 2958 γε
920 2890 1027 2951 τουτων
1040 2909 1117 2957 quem
1126 2893 1231 2943 locum
1222 2901 1299 2944 mxta

279 2955 417 3022 ἀμφότερα
441 2958 560 3009 absolute
582 2960 694 3024 positum
717 2976 763 3025 pro
816 2959 1298 3044 cumaliiscomparavitHeindors.

279 3024 452 3090 ἀμφοτέροιν,
480 3043 531 3090 quo
553 3041 604 3077 usu
626 3026 693 3077 nihil
715 3029 763 3077 fre-
815 3027 943 3078 Addimus
960 3028 1070 3078 Phaedr.
1086 3025 1180 3114 ρ230
1193 3030 1226 3078 Β
1245 3025 1297 3078 ἀπὸ

280 3095 411 3161 quentius,
432 3099 461 3144 ut
477 3094 599 3144 miremur
615 3094 764 3146 Hirschi-
817 3114 869 3147 των
879 3113 969 3180 κορων
982 3113 1008 3144 τε
1019 3098 1062 3146 καί
1076 3094 1230 3162 ἀγαλμάτων
1247 3097 1298 3147 ἔοι·

279 3164 366 3230 glum
388 3164 515 3214 arbitratu
537 3177 584 3212 ειιο
605 3158 763 3226 ἀμφοτέροις
816 3181 863 3213 κεν
875 3181 944 3213 τιναι
956 3161 1040 3226 ίερον
1054 3163 1144 3229 Lysid.
1154 3179 1178 3227 p.
1188 3162 1245 3215 204.
1256 3165 1298 3226 D.

280 3231 385 3281 Platoni
403 3231 552 3280 obtruslsse.
580 3230 677 3280 Verum
694 3229 763 3282 idem
815 3232 862 3281 ubi
873 3227 939 3280 est‘
924 3229 976 3280 απὸ
991 3228 1082 3281 τούτου
1095 3229 1298 3297 γιγνώσκεσθαι.

280 3306 361 3349 totum
373 3298 460 3347 locum
471 3299 509 3347 ιτα
526 3297 671 3348 mutilavit:
695 3295 763 3350 Οὐκ·
816 3302 855 3348 De
865 3314 991 3383 proxxmm
1006 3300 1073 3350 conf.
1085 3298 1185 3362 Cratyl.
1200 3315 1225 3364 p.
1239 3296 1298 3349 395.

280 3372 330 3417 οὖν
339 3363 421 3449 ἦτοι
440 3367 498 3429 (sie)
521 3361 764 3428 ἀνιαρόιαιόνίσιι
816 3368 850 3416 B:
870 3363 964 3432 ηνπερ
976 3371 1019 3431 της
1030 3366 1152 3450 κεφαλητ
1158 3383 1203 3414 τοι
1198 3367 1297 3414 λιθοι

280 3428 533 3519 καίάιιᾳὺπερβάλλ
535 3429 762 3500 ονέστίνῆβλιίβη
817 3435 950 3484 τανταλοία
973 3429 1111 3516 θαυμαστὴ
1131 3429 1168 3484 τίς
1187 3430 1296 3494 σύμφω-

280 3498 492 3569 ἢάμφοτέρνιος
512 3500 564 3550 vid.
587 3500 763 3553 Heindorf.
819 3519 862 3554 νον
887 3507 921 3568 τῷ
939 3497 1052 3561 ὀνόματι.
1087 3499 1194 3565 Colligit
1211 3506 1298 3550 autom

280 3570 312 3620 ad
325 3568 456 3621 Charmid.
469 3566 527 3630 §.2
563 3571 603 3619 De
620 3570 763 3622 interiectis
816 3586 849 3619 ex
867 3585 907 3632 eo,
928 3568 997 3634 quod
1015 3569 1095 3618 animi
1111 3567 1227 3633 pravitas
1244 3584 1298 3618 non

280 3637 375 3699 verbis,
393 3632 468 3686 nal’
451 3654 486 3686 αν
489 3639 557 3702 lp-
571 3634 671 3687 τούτων
683 3634 763 3701 ἐστίν,
815 3636 875 3702 plus
893 3606 1027 3686 doloris
1044 3636 1139 3686 babeat
1149 3650 1227 3699 quam
1245 3635 1298 3685 alia

279 3721 385 3771 prorsus
417 3686 507 3755 eodeni
533 3704 610 3754 modo
635 3720 764 3787 suprap.
815 3703 899 3766 mala,
937 3705 1090 3754 immensum
1132 3718 1188 3753 esse
1222 3709 1298 3768 atque

279 3771 337 3827 475
357 3774 391 3823 B:
422 3768 477 3857 ἦτοι
502 3769 685 3854 λνπηριίτερόν
711 3723 764 3824 ίστί
816 3787 922 3837 prorsus
939 3772 1072 3837 singulare
1089 3771 1238 3820 damnum
1263 3786 1299 3820 αα

279 3842 321 3891 καί
341 3837 407 3922 λύπη
427 3836 593 3924 ὑπερβάλλον
610 3839 745 3904 αἴσχιον
730 3860 764 3892 αν
816 3839 1051 3889 detrimentum
1059 3839 1298 3904 „quodeaafferat
1363 3899 1367 3905 .

279 3910 322 3973 εἴη
340 3904 356 3974 ἢ
373 3913 445 3974 κακῷ
462 3905 478 3974 ἢ
495 3903 664 3971 ἀμφοτέροιν.
816 3906 1024 3971 quandoquidem
1036 3877 1087 3956 Ιιίιο
1098 3922 1150 3957 uno
1163 3905 1299 3967 efficiatm,

815 3981 846 4024 ut
868 3975 983 4024 omnium
1007 3975 1132 4024 malorum
1149 3973 1228 4039 longe
1245 3980 1298 4023 tur·

312 4036 373 4104 Δι’
414 4034 477 4092 οὖν
520 4038 765 4127 ἀλγεινόνερόν
815 4058 950 4126 p1ss1mum
975 4041 1095 4092 habenda
1117 4041 1297 4092 vldeatur

283 4109 367 4194 ἐστι]
403 4111 436 4160 Η.
461 4125 484 4159 e.
510 4112 591 4173 μείζω
617 4106 698 4161 ἀνίαν
720 4112 763 4162 καί
818 4101 1196 4173 ὑπερβάλλονσατάλλα,
1214 4108 1299 4159 intell.

283 4175 368 4243 λύπην
386 4177 527 4243 παρέχεται.
816 4183 902 4228 cetera
911 4177 987 4237 mala
999 4192 1107 4240 quorum
1116 4183 1194 4227 αιινειι
1201 4178 1299 4228 mentm

816 4247 886 4294 facta
915 4249 961 4294 est.
1002 4244 1043 4293 Ad
1068 4261 1111 4294 νν.
1137 4241 1227 4310 ἐπειδὴ
1250 4241 1299 4294 οὐκ

320 4312 387 4366 Οὐκ
414 4316 581 4381 ἔμοιγε
605 4310 669 4365 ἀπὸ
698 4313 764 4366 totl-
817 4309 955 4394 ἀλγηδόνι
968 4329 997 4377 γε
1024 4329 1037 4361 e
1060 4312 1268 4377 superioribus
1260 4330 1299 4363 ιιι·

285 4400 347 4434 των
364 4381 413 4450 γε]
432 4383 502 4433 Non
515 4383 597 4433 mihi
611 4382 660 4433 ιίο
678 4382 764 4433 vide·
816 4380 921 4446 telligas
940 4374 1130 4444 ὑπερβάλλει
