3242 5259
343 591 401 651 174
751 591 948 655 PLATONIS

339 758 483 829 κεῖσθαι,
519 755 591 833 ἤτοι
617 754 838 835 λοπηρότερόν
867 750 932 817 έστι
957 752 1011 817 καὶ
1038 753 1124 836 λύπη
1154 753 1349 841 ὑπερβάλλον

341 851 474 932 ιάσηιονΥ
501 849 542 912 ἀν
571 852 619 933 εἴη
637 846 669 932 ἢ
696 857 784 931 κακῷ
812 845 834 931 ἢ
864 851 1074 933 άμφοτέροις;
1108 853 1150 914 οὑ
1179 851 1234 918 καὶ
1262 863 1350 917 τοῦτο

340 949 482 1032 ἀνάγκης
505 950 613 1010 ΠΩΛ.
636 951 713 1022 ssus
733 947 796 1028 γὰρ
818 951 875 1024 οὒς
904 935 911 944 Ι
1394 1003 1396 1006 ,

403 1046 483 1133 Oap.
506 1046 637 1112 XXXI.
682 1049 755 1112 Est.
801 1050 941 1125 Πρῶτον
977 1047 1037 1126 μὲν
1074 1047 1114 1130 δὴ
1150 1050 1350 1132 σκεψώμεθα,

277 1128 304 1195 (λ
340 1135 404 1229 ἀρα
428 1147 513 1228 λύπη
540 1146 732 1228 ὑπερβάλλει
758 1147 793 1208 τὸ
825 1141 946 1209 ἀδικεῖν
973 1156 1031 1210 τοῦ
1060 1141 1262 1219 ἀδικεῖσθαι,
1302 1145 1350 1210 καὶ

338 1247 473 1327 ἀλγοὺσι
494 1249 616 1325 μᾶλλον
636 1244 668 1308 ολ
688 1238 875 1316 ἀδικοῦντες
895 1238 917 1323 ἢ
938 1242 970 1305 οἱ
989 1237 1214 1325 άδικούμενοι;
1246 1245 1351 1307 flua.

342 1342 511 1424 Οὐδαμῶς,
534 1332 559 1404 ὦ
580 1342 759 1421 Σώκρατες,
780 1333 877 1404 τοῦτό
897 1361 942 1421 γε.
985 1344 1058 1405 zu.
1092 1343 1162 1406 Οὑκ
1183 1346 1249 1422 ἀρα
1269 1343 1349 1425 λύπη

338 1462 374 1522 γε
394 1437 549 1521 ὑπερέχει.
574 1442 681 1503 men.
707 1439 755 1502 οὑ
776 1439 865 1521 δῆτα.
896 1441 970 1500 XII.
994 1440 1127 1503 Οὐκοῦν
1147 1438 1240 1522 εἰμὴ
1261 1441 1350 1522 λύπη,

339 1534 533 1620 ἀμφοτέροις
566 1535 625 1618 μέν
660 1531 722 1601 οὑκ
755 1536 795 1599 ἂν
825 1534 870 1599 ἔτι
898 1536 1101 1618 ὑπερβάλλοι.
1159 1539 1269 1601 Heca,
1308 1530 1352 1601 Οὑ

340 1636 498 1717 φαίνεται.
527 1637 600 1697 zu.
626 1635 759 1699 Οὑκοὺν
779 1643 824 1714 τῷ
845 1632 940 1716 ἑτέρῳ
960 1635 1105 1698 λείπεται.
1146 1636 1256 1699 Hecu.
1279 1637 1350 1701 Ναί.

340 1735 417 1797 zu.
456 1735 509 1812 Τῷ
535 1734 633 1817 κακῷ.
677 1734 785 1796 Hem.
806 1725 951 1797 Ἔοικεν.
999 1735 1072 1794 zu.
1106 1733 1241 1797 Οὐκοῦν
1268 1737 1351 1819 κακῷ

338 1829 541 1910 ὑπερβάλλον
568 1830 604 1892 τὸ
633 1825 756 1894 ἀδικεῖν
784 1831 898 1893 κάκιον
927 1828 968 1892 ἂν
997 1829 1129 1911 εἴη.τοὺ
1159 1824 1351 1905 ἀδικεῖσθοις

275 1927 307 1991 D
341 1931 449 1995 ΠΩΛ.
480 1934 593 2009 Δῆλον
615 1925 655 2008 δὴ
676 1927 732 1992 ὅτι.
775 1930 849 1992 XII.
871 1921 968 1990 ''AtIo
995 1949 1026 1990 τι
1046 1921 1107 1993 οὖν
1126 1927 1192 1993 ὑπὸ
1213 1927 1274 2011 μέν
1293 1933 1351 1993 τῶν

392 2095 421 2146 C.
444 2090 575 2147 Οὐκοῦν
593 2099 679 2162 κακῷ
697 2090 918 2161 ὑπερβάλλον]
938 2098 972 2161 τῷ
990 2099 1060 2161 κακῷ
1077 2096 1175 2146 Pur.E.
1193 2095 1270 2147 Budl.
1287 2096 1349 2146 Flor.

339 2164 365 2228 t,
383 2163 451 2229 quod
468 2180 521 2214 non
539 2161 651 2227 probem.
887 2164 890 2171 '

389 2267 422 2316 D.
447 2263 481 2315 έν
505 2269 547 2331 τῷ
569 2264 768 2328 ἔμπροσθεν
791 2261 912 2329 χρόνῳ]
937 2262 1014 2313 Vind.
1033 2260 1098 2345 152.
1118 2262 1140 2317 7.
1159 2265 1229 2348 Aug.
1248 2261 1347 2346 Mcerm.

338 2333 413 2385 Bodl.
430 2334 494 2383 Ven.
515 2334 546 2384 Σ.
563 2333 622 2382 Per.
640 2333 671 2382 V.
689 2337 714 2382 et
731 2348 768 2396 pr.
787 2333 851 2382 Ven.
871 2331 901 2382 Ξ.
921 2329 951 2381 έν
969 2337 1004 2398 τῷ
1022 2333 1147 2395 προσθεν
1163 2350 1260 2399 puoso.
1279 2333 1348 2383 Frnd·

339 2404 419 2453 cisen.
438 2403 505 2451 coni.
524 2398 555 2450 έν
574 2407 607 2467 τῷ
626 2401 701 2465 έμπρ.
720 2397 796 2466 λόγῳ,
815 2398 940 2465 probante
958 2399 1039 2450 Aetio.

391 2502 512 2566 Δέξοιο
531 2498 570 2552 ἀν
588 2493 656 2568 οὑν]
684 2502 715 2552 V.
734 2492 785 2552 cdv
802 2498 837 2551 ἀν
853 2501 943 2551 invitis
961 2499 1032 2551 codd.
1051 2500 1129 2566 longe
1146 2500 1276 2566 plurimis.
1310 2501 1349 2552 Ge

340 2646 461 2713 quonium
493 2646 544 2696 hoc
574 2662 657 2712 genus
687 2646 822 2696 hominum
874 2645 943 2710 quod
977 2659 1036 2694 cum
1070 2644 1293 2697 Findciscnio
1329 2652 1350 2695 et

340 2716 428 2766 omnis
451 2715 545 2764 referre
569 2713 669 2765 solebat
693 2714 726 2766 ad
749 2715 822 2764 v'olu·
872 2714 969 2763 Aetio
999 2710 1144 2763 scribamus
1176 2710 1260 2780 λόγῳ,
1289 2712 1350 2780 quod

339 2787 438 2848 ptatem
456 2787 533 2846 etque
550 2783 695 2835 utilitatem.
873 2797 905 2831 ne
922 2782 1007 2846 potuit
1024 2780 1131 2846 quidem·
1152 2781 1288 2832 commode
1306 2781 1350 2832 dici

373 2850 402 2903 B.
443 2845 482 2899 οὑ
512 2849 564 2899 καλ
599 2854 691 2899 τοῦτο
726 2846 820 2914 ἀνάγ·
871 2854 1015 2913 propterea,
1028 2849 1102 2913 qnod
1120 2848 1238 2899 additum
1254 2855 1294 2901 est
1305 2846 1349 2900 ὑπὸ

339 2916 575 3035 XIIIIZI.
593 2917 664 3034 ¹¹⁸⁰.ss
685 2925 739 3035 ⁰⁸I.
752 2917 821 3034 opp
871 2913 1348 3045 μῗλῶλλολῶλέῖέλλωλιο

340 3048 526 3171 κενά
544 3001 675 3171 κάλ’
688 3001 821 3171 λάε
872 2985 1077 3170 κάλον
1095 3052 1143 3183 ρ

339 3185 456 3255 ἀνάγκη·
484 3137 588 3242 Mldnon.
612 3205 636 3253 p.
655 3186 695 3242 78.
714 3191 750 3239 A:
777 3190 819 3238 καλ
873 3186 999 3252 δέχεσθαί
1032 3207 1053 3238 τι
1077 3138 1146 3238 Itur!
1175 3205 1259 3248 ravos,
1293 3189 1351 3239 uli-

340 3261 415 3307 τοῦτο
433 3253 541 3323 ἀνάγκη.
557 3256 703 3309 Ροεηιειείδ.
722 3273 746 3322 p.
762 3254 820 3309 141.
872 3255 947 3319 quid
971 3254 1079 3306 elicui
1102 3256 1153 3304 rei
1175 3258 1352 3320 praeferre,

340 3325 374 3375 0:
394 3316 494 3391 ἀνάγκη
510 3317 622 3392 γὰροὺν
640 3330 722 3374 ταῦτα.
740 3325 821 3375 Plura
871 3329 901 3373 ut
927 3338 967 3387 up.
992 3323 1136 3387 Xenoph.
1160 3323 1258 3389 Oyrop.
1283 3325 1309 3387 Ι,
1329 3321 1352 3384 6,

338 3391 445 3458 collegit
462 3393 495 3456 ed
513 3393 538 3446 h.
551 3393 568 3445 l.
588 3392 820 3445 HeIndorfius.
872 3389 912 3443 10.
930 3391 1007 3454 VIII,
1024 3389 1057 3454 3,
1075 3389 1115 3441 12.
1135 3392 1168 3444 al.
1204 3393 1294 3454 Quum
1310 3407 1350 3442 eu·

384 3460 446 3526 Cep.
487 3461 584 3513 XXXI.
625 3451 700 3523 ’ἀρα
739 3456 819 3524 λύπῃ
871 3466 924 3508 tem
949 3457 1072 3523 δέχεσθαι
1094 3460 1192 3519 μᾶλλον
1214 3460 1285 3510 idem
1301 3460 1350 3510 fere

322 3527 454 3593 ’ὑπερβ
473 3529 504 3578 τὸ
523 3525 570 3578 ἀδ.
590 3532 645 3578 τοῦ
662 3523 720 3594 ἀλ]
744 3528 778 3581 Η,
797 3544 820 3582 ε,
871 3526 1007 3592 significet,
1025 3525 1094 3591 quod
1107 3526 1220 3598 simplex
1232 3526 1351 3592 δέχεσθαι

315 3613 409 3648 ·num
437 3596 511 3661 plus
542 3595 669 3646 doloris
699 3596 821 3646 hebeat
870 3611 892 3648 s.
910 3594 1059 3659 αἱρεῖσθαι,
1082 3594 1274 3659 praeferre,
1297 3596 1351 3646 reti·

339 3665 392 3730 qui
409 3664 570 3714 iniurium
587 3663 703 3725 infert,
725 3680 820 3729 quum
870 3664 930 3714 nuit
944 3664 1054 3727 scriptor
1064 3663 1201 3728 vulgarem
1211 3663 1288 3714 illem
1300 3678 1354 3713 ver·

339 3733 396 3797 qui
414 3733 539 3797 occipit
555 3732 720 3784 iniuriam.
753 3732 820 3782 Con-

339 3801 446 3850 struitur
467 3795 641 3865 ὑπερβάλλειν
667 3815 725 3850 cum
748 3800 820 3866 geni-

338 3871 408 3929 tivo,
440 3868 501 3932 quie
532 3867 726 3933 comprehendit
753 3884 821 3918 com-

338 3937 450 4055 purpgrgi
478 3937 616 3988 notionem.
653 3952 677 3988 v.
707 3936 819 3990 Matth.

371 4067 819 4137 D.s’vrp)dpnpoudsvppd-

341 4158 355 4187 ν
364 4138 393 4206 ῳ]
412 4141 539 4203 Loquitur
555 4139 720 4205 generalius,
736 4149 766 4188 ut
782 4140 820 4190 di-

339 4215 380 4256 ost
397 4207 579 4272 superiore
597 4212 748 4272 tempore,
762 4208 819 4261 h.c.

339 4276 502 4337 ἔμπροσθεν,
519 4279 549 4324 ut
561 4275 656 4328 Pheed.
674 4292 697 4340 p.
710 4272 767 4328 117.
778 4276 820 4334 D,‚

339 4358 415 4405 quem
439 4343 527 4394 locum
551 4350 694 4407 opportune
719 4358 820 4408 compu-

340 4411 407 4459 ruvit
422 4410 594 4462 Heindorf.
613 4412 703 4475 Itaque
717 4418 821 4461 nonest

870 3729 962 3781 borum
979 3733 1204 3781 constructionem
1240 3732 1272 3782 Id
1288 3730 1352 3797 quod

871 3804 943 3849 tanto
961 3799 1056 3849 rectius
1072 3799 1158 3850 fucere
1175 3801 1270 3864 potuit,
1288 3798 1352 3864 quod

871 3863 933 3916 ἀντί
947 3883 1132 3932 saepenumero
1149 3874 1210 3932 post
1224 3883 1352 3932 compert-

870 3936 938 3985 tivos
956 3936 1060 4000 ponitur
1077 3951 1123 4000 pro
1140 3936 1270 4000 particule
1286 3934 1352 4002 duel

870 4003 993 4069 genitivo.
1018 4020 1042 4056 v.
1065 4002 1181 4056 Mutth.
1205 4003 1251 4058 Gr.
1277 4004 1350 4070 ampl.

872 4072 895 4132 ἓ.
912 4069 971 4125 450.
989 4075 1077 4124 annot.
1096 4069 1119 4125 1.

921 4136 1028 4202 ὥοπερ
1081 4137 1207 4204 ἰατρῷ,
1258 4138 1351 4203 παρέ·

870 4205 942 4272 χων]
967 4207 1026 4258 Non
1049 4213 1089 4257 est
1110 4206 1180 4272 quod
1204 4221 1266 4258 eum
1282 4207 1352 4258 'Ste-

871 4275 979 4339 phano
1005 4270 1102 4324 σαυτὸν
1130 4274 1262 4328 excidisse
1282 4280 1351 4342 pute·

870 4358 943 4403 mus,
973 4343 1042 4407 quod
1072 4342 1103 4392 de
1130 4359 1202 4393 more
1231 4344 1350 4395 omium

871 4426 928 4461 esse
951 4412 1095 4462 'verissime
1122 4411 1253 4464 iudicavit
1277 4412 1350 4465 Rc!-
1374 4413 1380 4420 “
