3242 5259
284 606 321 659 12
636 604 934 664 PROLEGOMENA

279 771 357 829 inter
377 773 526 830 scientiam
549 768 740 850 (ἐπιστήμην)
771 778 801 832 ιι
822 775 899 833 inter
924 776 1011 833 fidem
1033 773 1171 851 (m‘orw):
1201 779 1293 836 scien-

280 854 352 914 tiam
380 857 457 915 enim
493 877 605 932 semper
633 877 698 915 cum
727 858 851 918 veritate
880 879 943 918 esse
973 860 1169 934 coniunctam,
1204 864 1294 921 fidem

280 945 378 998 autem
398 960 604 1017 saepenumero
627 962 644 1000 a
664 943 772 1002 ιιιιιιι
727 949 788 1002 tate
810 944 935 1002 multum
950 947 1058 1004 abesse
1089 948 1125 1004 Id
1137 949 1216 1025 quod
1238 949 1295 1006 hac

281 1026 463 1084 conclusione
494 1027 598 1085 efficit:
629 1028 743 1085 Fides
773 1028 835 1087 sive
857 1026 958 1099 πίστις
984 1050 1055 1089 vera
1076 1038 1106 1090 et
1126 1032 1200 1090 falsa
1230 1054 1294 1092 esse

280 1115 375 1186 potest
402 1111 524 1207 ideoque
552 1113 641 1169 errori
670 1112 802 1170 obnoxia.
848 1114 994 1172 Scient
966 1119 1021 1172 tra
1049 1115 1111 1175 sive
1142 1113 1261 1194 ἐπιστήι
1249 1139 1295 1196 μη

279 1214 338 1252 non
360 1200 405 1253 est
425 1195 481 1253 nisi
503 1215 574 1255 vera
594 1196 717 1275 ideoque
738 1198 828 1255 errori
848 1218 907 1256 non
929 1199 1061 1256 obnoxia.
1092 1201 1169 1275 Ergo
1192 1222 1295 1273 πιστις

279 1284 325 1338 ιιι
346 1275 417 1339 ab
403 1276 521 1357 επισιήι
510 1303 554 1360 μῃ
574 1281 696 1340 diversa.
725 1280 866 1345 Quocirca
888 1284 971 1340 duo
963 1303 1022 1342 ram
1036 1284 1173 1344 discernit
1160 1291 1294 1360 tgenera

278 1364 481 1440 persuasionis,
503 1366 545 1423 alt
532 1370 635 1437 terum,
657 1386 714 1444 quo
735 1367 807 1425 fides
830 1368 937 1426 efficiat
924 1373 973 1426 tur
986 1369 1106 1427 scicntia
1126 1390 1189 1430 verr
1182 1371 1293 1430 desti·

280 1454 344 1507 tuta
372 1451 675 1525 (Ucbcrredaaqlms
658 1452 796 1523 ιιιι,ιιιιιι
833 1471 889 1529 quo
925 1453 988 1511 veri
1016 1453 1137 1513 scientia
1163 1457 1212 1514 vel
1241 1476 1292 1514 au-

280 1538 347 1607 geat
347 1553 383 1590 ur
424 1535 472 1593 vel
506 1535 691 1593 confirmetur
731 1535 1061 1612 (idaberzmpanplu
1063 1539 1220 1597 tfraudis
1263 1548 1293 1601 ιι

282 1618 387 1676 erroris
408 1619 531 1695 suspicio
555 1620 709 1678 alienat
671 1625 717 1678 ιιι.
747 1618 861 1682 Quibus
883 1621 1023 1697 expositis
1041 1544 1182 1698 etGorgia
1204 1645 1292 1702 quac-

279 1702 332 1774 rit,
363 1703 457 1762 utrius
479 1704 592 1778 generis
620 1705 836 1779 persuasionem
864 1712 926 1764 arte
954 1707 1021 1766 rhet
1009 1708 1099 1766 torica
1120 1709 1195 1766 effici
1217 1711 1293 1768 arbi-

279 1793 380 1846 tretur.
404 1790 435 1846 P.
459 1794 528 1846 454.
551 1789 583 1846 B.
598 1820 641 1830 -
655 1791 688 1846 E.
723 1791 763 1848 Et
783 1790 833 1849 hic
853 1791 970 1868 quidem
990 1812 1049 1849 non
1071 1793 1186 1852 dubitat
1206 1797 1292 1869 profi-

279 1873 334 1931 teri
357 1873 412 1931 sibi
433 1893 547 1931 omnem
574 1873 730 1931 rhetorices
758 1875 819 1932 vim
841 1877 877 1932 ad
905 1877 993 1934 fidem
1014 1878 1049 1934 de
1070 1878 1147 1935 iusto
1169 1885 1221 1937 aut
1247 1879 1292 1936 in-

278 1957 356 2016 iusto
378 1963 525 2036 utcunque
544 1956 707 2015 faciendam
728 1960 780 2025 (aa
802 1960 971 2030 aibcrredea)
990 1962 1170 2021 referendam
1190 1963 1292 2023 rideri.

279 2042 389 2100 Verum
410 2043 487 2099 enim
509 2061 585 2101 vero
599 2044 674 2119 quod
696 2043 826 2101 iustitiae
853 2050 883 2103 ιι
902 2045 1063 2104 iniustitiae
1085 2067 1186 2105 rursus
1212 2069 1292 2107 meu-

280 2126 389 2184 tionem
409 2126 503 2185 iniioit
524 2127 659 2200 Gorgias,
682 2127 737 2185 hoc
758 2128 898 2186 eiusmodi
921 2134 980 2201 ιιι,
1003 2135 1038 2188 ιιι
1059 2131 1190 2191 Socrates
1211 2134 1292 2191 facil-

279 2210 347 2268 limo
368 2210 435 2269 inde
458 2230 559 2286 capere
587 2216 675 2289 queat
701 2213 931 2287 reprehendendi
961 2207 1171 2288 argumentum.
1214 2216 1293 2280 Quo-

280 2294 354 2353 circa
375 2295 423 2353 hio
444 2295 501 2352 iam
523 2295 692 2367 sciscitatur,
714 2302 835 2372 putctrre
855 2298 905 2355 ille
926 2298 1072 2358 rhetorem
1092 2305 1292 2364 tantummodo

280 2381 315 2438 de
335 2380 412 2438 iusto
434 2385 464 2439 ιι
484 2380 592 2439 iniusto
614 2381 732 2453 consuli,
755 2383 790 2439 de
812 2381 876 2440 aliis
892 2384 987 2453 robus,
1010 2384 1101 2442 veluti
1123 2386 1159 2443 dc
1173 2387 1292 2446 medicis

279 2465 393 2542 publice
415 2466 553 2538 creandis,
575 2468 611 2523 de
631 2465 722 2524 muris
735 2467 928 2538 exstruendis,
950 2469 985 2525 de
1007 2468 1127 2525 ducibus
1143 2467 1291 2542 eligendis,

279 2570 338 2608 non
352 2550 454 2609 audiri.
484 2550 548 2614 Quo
570 2551 646 2609 facto
660 2551 798 2627 sophista,
820 2571 857 2610 ne
880 2552 1000 2630 quidde
1022 2552 1092 2610 artis
1114 2572 1182 2610 suae
1199 2553 1292 2627 digni-

279 2640 340 2694 tate
373 2637 535 2695 detractum
570 2636 719 2708 videatur,
754 2636 956 2696 Themistoclis
985 2642 1015 2696 ιι
1048 2637 1167 2695 Periclis
1195 2658 1292 2695 exem-

280 2720 424 2795 plum
383 2719 424 2778 ai
445 2721 515 2778 satis
536 2721 638 2778 testari
666 2721 754 2779 etiam
775 2722 806 2778 in
832 2722 879 2778 his
907 2725 994 2780 rebus
1015 2722 1206 2780 deliberandis
1227 2724 1293 2817 plus

180 2830 182 2833 ·
279 2803 378 2882 valere
391 2810 538 2861 oratorum
545 2804 683 2861 rudrcrum
698 2824 784 2881 quam
799 2806 933 2880 opificum
948 2807 1089 2865 auctorita
1090 2812 1162 2864 tem.
1178 2807 1294 2865 omnino

280 2888 363 2974 onim
378 2889 444 2946 rhet
432 2889 535 2946 torices
564 2908 686 2961 regnum
714 2894 776 2946 tam
803 2889 862 2947 late
884 2894 934 2964 pat
935 2909 997 2961 ere,
1027 2895 1061 2948 ut
1082 2909 1170 2965 prope
1198 2891 1295 2950 omnia

280 2974 486 3048 complectatur
504 2980 673 3050 ceterasque
701 2979 746 3031 art
747 2993 777 3030 es
803 2973 835 3030 in
856 2993 887 3030 se
909 2935 1055 3032 contiireat
1076 2993 1109 3030 ac
1129 2975 1294 3048 longissime

280 3057 421 3132 dignitate
442 3064 566 3134 superet.
546 3058 654 3116 tNe
675 3077 744 3115 vero
775 3057 886 3115 Socrati
914 3058 1053 3117 orationis
1081 3059 1168 3117 huius
1197 3080 1294 3136 repre-

279 3144 449 3201 hendendae
469 3144 560 3200 ullam
580 3142 727 3219 relinquat
743 3144 928 3214 occasionem,
951 3150 1035 3202 caute
1057 3144 1137 3203 addit
1124 3146 1295 3222 tquaedam

280 3228 315 3286 de
336 3233 414 3287 recto
442 3247 498 3285 usu
528 3227 599 3286 artis
627 3227 795 3286 rhetoricae.
839 3226 1008 3286 Arbitratur
1036 3229 1114 3286 enim
1143 3235 1294 3302 oratorem,

279 3312 335 3371 etsi
356 3315 392 3371 de
412 3313 634 3391 quibuscunque
654 3313 741 3370 rebus
761 3312 804 3370 ita
823 3312 915 3387 possit
937 3315 1027 3372 verba
1048 3314 1150 3385 facere,
1173 3320 1207 3371 ut
1229 3315 1294 3373 aliis

279 3397 454 3458 sententiam
475 3417 557 3457 suam
578 3397 704 3454 maxime
725 3399 842 3472 probet,
872 3404 971 3456 tamen
991 3400 1106 3456 nonde
1134 3403 1294 3456 ceterorum

279 3482 413 3558 opificum
434 3484 512 3540 fama
527 3482 651 3558 turpiter
672 3482 832 3553 detrahere,
854 3483 904 3539 sed
924 3482 1028 3541 iuste
1051 3483 1186 3541 adhibere
1202 3492 1295 3542 artem

280 3587 362 3625 suam
391 3569 509 3626 debere:
548 3568 611 3624 esse
639 3567 716 3624 enim
751 3567 827 3624 hanc
856 3586 1036 3625 communem
1064 3569 1157 3642 legem
1187 3569 1294 3626 artium

279 3652 408 3709 omnium
429 3652 709 3722 concertatoriarum,
731 3657 824 3709 utne
846 3653 887 3708 ad·
904 3651 1153 3710 iniustum'usum
1174 3672 1294 3712 conver-

279 3741 388 3795 tantur.
411 3736 441 3794 si
462 3736 552 3810 igitur
573 3736 717 3814 quispiam
738 3736 904 3814 eloquentia
925 3757 978 3794 sua
999 3739 1145 3809 abutatur,
1168 3737 1230 3796 eius
1251 3739 1292 3796 rei

279 3823 394 3898 culpam
413 3821 524 3879 nonin
553 3821 623 3879 artis
651 3821 804 3894 magistros
833 3841 895 3879 esse
923 3823 1140 3892 conferendam,
1170 3824 1220 3879 sed
1249 3823 1293 3881 illi

278 3907 335 3982 ipsi
348 3906 540 3977 tribuendam,
562 3905 612 3983 qui
627 3925 662 3965 ea
682 3906 757 3963 male
771 3912 881 3965 utatur.
904 3908 936 3964 P.
953 3912 1022 3964 454.
1036 3908 1120 3963 Ε.-
1134 3908 1203 3963 457.
1213 3907 1294 3964 O.-

279 3991 361 4050 Haec
380 3995 534 4069 postquam
553 3990 603 4048 ille
625 3990 760 4066 exposuit
780 3991 910 4049 oratione
930 3991 1000 4048 satis
1022 3990 1144 4066 copiosa,
1162 3992 1293 4050 Socrates

279 4077 315 4134 de
337 4077 509 4155 quibusdam
529 4075 617 4133 huius
639 4075 844 4150 disputationis
864 4075 995 4150 partibus
1023 4075 1192 4150 diligentius
1215 4077 1296 4152 cupit

280 4180 346 4219 cum
368 4181 402 4220 eo
429 4161 569 4220 disserere
600 4159 719 4236 eiusque
749 4160 791 4217 rei
821 4160 938 4219 veniam
967 4161 1003 4218 ab
1025 4179 1057 4218 ιο
1079 4161 1121 4219 ιιι
1142 4161 1230 4236 petit,
1261 4166 1294 4219 ut

280 4245 366 4302 simul
387 4267 418 4305 se
440 4246 567 4304 alienum
588 4245 722 4303 ostendat
750 4246 787 4303 ab
808 4244 889 4302 inani
909 4245 1093 4303 contentione
1121 4244 1294 4322 rixandique

280 4330 384 4387 studio.
407 4333 439 4389 P.
462 4331 532 4389 457.
547 4331 578 4389 C.
592 4363 636 4372 -
651 4333 721 4388 458.
736 4330 768 4386 B.
798 4329 933 4389 Sentiens
956 4335 1055 4388 autern
1068 4330 1189 4403 Gorgias
1210 4331 1295 4389 novis

174 4453 177 4458 ,
280 4434 310 4475 se
333 4414 555 4475 difficultatibus
582 4415 728 4475 irretitrun
756 4413 807 4487 iri,
836 4414 1035 4490 praesentium
1065 4413 1221 4472 amicorum
1249 4436 1294 4473 ra-
