3242 5259
404 585 462 641 ue
756 542 757 546 ‘
815 578 1012 639 nannents

402 744 473 827 νίας
494 742 529 807 ἐν
550 747 618 817 τοῖς
637 742 745 823 λόγοις
768 742 989 824 σφαλλόμεθα,
1017 739 1058 804 σὺ
1078 740 1193 821 παρὼν
1214 739 1414 826 ἐπανόρθον·

401 842 524 916 δίκαιος
544 834 575 904 θ’
598 834 633 902 εἷ.
664 838 717 903 ναὶ
747 837 808 923 ἐγὼ
831 836 949 916 ἐθέλω,
978 842 1044 902 τῶν
1065 837 1326 930 ὡμολογημένων
1346 840 1375 904 al
1389 842 1415 905 τί

402 954 452 1004 σοι
468 940 558 1004 δοκεῖ
570 939 613 1021 μὴ
635 941 738 1013 καλῶς
760 937 1000 1020 ὡμολογῆσθαι,
1021 936 1206 1001 α’ναθέσθαι
1226 932 1246 1024 3
1267 962 1299 1004 τι
1319 938 1360 1003 ἂν
1379 939 1415 1004 σὺ

403 1039 522 1119 βούλῃ,
553 1035 610 1100 ἐοίν
640 1059 695 1119 μοι
713 1036 751 1099 ’ὲν
771 1037 875 1118 μόνον
896 1035 1068 1117 φυλοίττμς.
1110 1038 1223 1099 Han.
1261 1036 1306 1116 -Τί
1324 1047 1415 1102 τοῦτο

401 1135 517 1217 λέγειςς
555 1136 633 1204 >Sta
669 1133 986 1218 Τὴνμακρολογίαν,
1008 1122 1161 1209 ciliciis,
1189 1133 1232 1216 ἢν
1253 1132 1414 1218 καθέρξμς,

402 1225 423 1314 ᾗ
444 1235 480 1297 τὸ
502 1237 631 1314 πρῶτον
653 1231 855 1315 ἐπεχείρησας
874 1237 1028 1314 χρῆσθαι.
1065 1233 1176 1294 ΠΩΛ.
1211 1233 1250 1296 Τί
1271 1233 1341 1310 δαίς
1362 1230 1416 1298 οὐκ

350 1339 380 1404 Ε
404 1327 524 1408 ἐξέσται
539 1354 593 1412 μοι
608 1328 710 1412 λέγειν
723 1330 828 1393 ὁπόσα
845 1329 886 1393 ἂν
902 1329 1083 1411 βούλωμαι;
1111 1331 1189 1393 aa.
1213 1328 1320 1394 Δεινὰ
1339 1329 1416 1414 μέντ’

402 1428 444 1491 ἂν
465 1429 592 1504 πάθοις,
623 1420 648 1491 ὦ
670 1423 820 1509 βέλτιστε,
850 1427 877 1490 ct
892 1421 1049 1510 Ἀθήναζε
1069 1427 1277 1510 ἀφικόμενος,
1305 1419 1347 1494 οὗ
1367 1439 1415 1511 τῆς

397 1519 556 1600 Ἑλλάδος
585 1525 712 1606 πλείστη
743 1523 828 1588 ἐστὶν
856 1523 985 1603 ἐξουσία
1011 1535 1071 1589 τοῦ
1100 1521 1219 1607 λέγειν,
1253 1523 1362 1591 ἔπειτα
1380 1527 1415 1591 σὺ

403 1622 547 1687 ἐνταῦθα
580 1624 701 1687 τούτου
739 1624 840 1705 μόνος
877 1624 1057 1707 οίνυχήσαις.
1089 1622 1169 1687 ἀλλὰ
1199 1624 1333 1700 νίντίθες.
1357 1646 1414 1689 τοι·

453 1808 505 1857 καὶ
530 1803 590 1871 ἐγώ
614 1804 730 1872 ἐθέλω]
755 1806 785 1855 V.
804 1811 863 1872 post
880 1803 931 1873 ἐγώ
949 1807 1072 1857 inseritur
1090 1823 1145 1866 σοι,
1168 1806 1239 1872 quod
1256 1808 1308 1859 soli
1325 1807 1416 1860 habent

402 1877 459 1926 Par.
478 1877 497 1925 l.
516 1875 592 1925 Vind.
612 1874 634 1925 1.
652 1874 675 1925 2.
693 1875 761 1925 Flor.
781 1891 814 1923 m.
832 1892 858 1924 x.
876 1874 951 1924 Bodl.
968 1875 1082 1926 Routhii.

452 1943 488 1991 ἓν
510 1939 611 2004 μόνον
635 1939 817 2008 φυλάττῃς]
841 1940 924 2003 μόνον
948 1943 980 1992 ἓν
1006 1960 1033 2006 φ.
1057 1943 1134 1994 vind.
1152 1941 1175 1994 ί.
1200 1945 1269 1995 conf.
1288 1944 1415 1997 Schaefcr.

401 2011 489 2066 Melet.
507 2012 573 2060 critt.
592 2027 616 2075 p.
636 2009 675 2061 10.

435 2076 475 2146 ἢν
493 2076 674 2143 καθέρξῃς]
694 2079 814 2140 καθειόξ.
831 2079 891 2127 Vat.
907 2078 973 2128 Ven.
985 2076 1014 2128 Ξ.
1038 2078 1116 2128 Vind.
1133 2077 1157 2130 2.
1175 2077 1200 2130 6.
1217 2086 1243 2129 et
1261 2096 1328 2132 corr.
1340 2080 1415 2131 (loisl.

401 2147 488 2211 Vulgo
506 2144 539 2213 ἢν
557 2144 686 2211 καθέξῃο,
708 2147 810 2212 ingenti
833 2146 904 2196 vitio.
943 2148 1081 2212 Receptam
1104 2147 1244 2197 lectionem
1267 2148 1417 2200 confirmant

402 2215 490 2265 Clark.
512 2216 577 2264 Ven.
592 2214 621 2265 Ξ.
645 2216 702 2264 Par.
721 2214 884 2276 BCEFW„
902 2215 947 2278 qui
959 2213 1056 2264 habent
1067 2213 1199 2279 καθὲρξῃσ
1216 2223 1287 2266 recte
1304 2219 1338 2268 ab
1356 2218 1416 2268 Har·

401 2299 496 2334 manno
513 2299 596 2347 nuper
612 2282 716 2332 Platoni
733 2283 899 2347 impertitum.
924 2283 991 2348 Aug.
1005 2283 1112 2332 Mearm.
1130 2283 1204 2333 Bodl.
1222 2282 1250 2332 el
1259 2287 1416 2351 καθαίρεσις.

401 2353 469 2401 Dein
493 2352 525 2403 Τί
541 2348 600 2411 δαι’;
618 2366 664 2415 pro
683 2350 754 2416 vulg.
778 2351 810 2400 Τι’
826 2348 868 2409 la·
885 2351 978 2415 scripsi
996 2366 1029 2400 ex
1047 2366 1110 2402 corr.
1128 2351 1216 2400 Clark.
1244 2352 1276 2402 Id
1294 2354 1365 2404 enim
1381 2355 1416 2404 in·

401 2420 546 2487 dignationi
563 2419 693 2485 loquentis
710 2418 915 2469 convenientius.
939 2419 1008 2470 cons.
1025 2418 1057 2469 ad
1074 2435 1099 2484 p.
1117 2416 1181 2470 461.
1192 2420 1223 2469 Β.

401 2588 471 2640 modi
484 2589 625 2640 enuntiatis
638 2593 784 2652 usurpatur,
802 2587 825 2636 si
843 2586 885 2636 vel
969 2587 1002 2636 D.
1023 2583 1151 2640 δίκαιος
1164 2582 1186 2637 t’
1198 2580 1248 2654 ελ]
1261 2589 1351 2639 Facile
1363 2589 1418 2654 quis

402 2672 435 2706 ex
460 2657 547 2706 aliena
571 2662 657 2706 mente
679 2660 705 2706 et
727 2656 884 2722 cogitatione
935 2654 1228 2721 suspiceturlegendnm
1244 2671 1302 2706 esse
1321 2656 1418 2710 tricacos

401 2724 531 2788 loquimur
547 2724 590 2774 vel
611 2723 678 2773 nihil
694 2724 745 2772 nisi
763 2723 841 2772 finem
859 2730 885 2774 et
933 2718 984 2787 γὰρ
1002 2715 1036 2772 εἶ.
1069 2724 1183 2774 Frustra.
1218 2724 1311 2789 Neque
1334 2731 1419 2776 umen

402 2791 537 2856 consilium
555 2791 740 2856 significamus,
763 2791 885 2841 adiuncta
934 2796 1029 2840 temera
1061 2790 1125 2840 fides
1157 2789 1279 2842 habenda
1310 2801 1351 2844 est
1379 2795 1418 2856 iis,

401 2859 507 2908 notione
532 2858 645 2923 optandi.
672 2859 738 2907 conf.
760 2859 882 2924 Reisig.
935 2859 979 2922 qui
1003 2859 1029 2907 in
1054 2858 1152 2908 talibus
1174 2859 1238 2910 locis
1257 2859 1287 2910 δέ
1303 2877 1351 2927 pro
1369 2860 1417 2929 γάρ

402 2926 515 2976 Coniact
533 2927 559 2975 in
579 2925 710 2990 Aristoph.
732 2942 757 2991 p.
775 2925 833 2977 212.
850 2926 884 2975 ad
935 2926 1032 2976 dictum
1049 2934 1211 2992 acceperunt.
1235 2928 1294 2978 vid.
1313 2930 1416 2981 Herm.

402 2994 492 3059 Oedip.
520 2993 575 3044 001.
602 3010 626 3059 p.
651 2992 707 3045 169.
737 3000 826 3044 nostra
851 2993 884 3043 ad
935 2993 968 3043 ad
990 2994 1078 3060 Vigor.
1102 3011 1127 3060 p.
1144 2992 1202 3046 845.
1238 2996 1331 3061 ltaque
1353 2998 1418 3049 haec

401 3060 536 3126 Rempubl.
553 3061 601 3112 Ill.
618 3077 643 3126 p.
661 3059 719 3112 410.
735 3062 764 3112 Ο.
782 3059 840 3112 237.
852 3063 884 3112 Α.
934 3063 973 3111 sic
990 3062 1136 3128 intelligas:
1155 3065 1253 3113 etiam
1272 3081 1372 3129 nunc,
1390 3068 1418 3116 si

401 3130 577 3180 Matthiae.
596 3131 640 3180 Gr.
659 3128 884 3190 §.518.1.4.im-
935 3130 1013 3194 quid
1048 3147 1105 3197 ego
1141 3136 1173 3180 et
1207 3132 1349 3199 Gorgias
1384 3135 1416 3183 in

401 3199 542 3263 primisque
565 3198 673 3247 Rostii
694 3199 807 3248 Graium.
831 3213 883 3247 am·
935 3214 1083 3247 sermone
1098 3215 1256 3262 erramus,
1275 3207 1310 3251 tu
1326 3218 1418 3267 prae·

400 3265 475 3330 plior.
501 3267 525 3328 §-
547 3263 603 3316 122,
629 3263 668 3316 10.
691 3281 715 3330 p.
739 3265 789 3318 656
813 3282 883 3331 seqq.
934 3282 1008 3316 sens
1036 3267 1181 3332 corrige:
1208 3283 1266 3331 par
1292 3275 1343 3320 est
1368 3286 1419 3321 an·

401 3333 462 3384 edit.
487 3335 587 3400 septim.
622 3334 712 3398 Itaque
734 3335 783 3385 hoc
805 3334 882 3384 dicit:
934 3339 999 3384 tom
1022 3340 1053 3384 to
1078 3334 1139 3384 hoc
1164 3334 1282 3385 facero.
1318 3339 1419 3389 Deinde

401 3408 435 3452 ut
451 3418 521 3465 nos,
542 3402 569 3452 id
586 3401 655 3467 quod
672 3406 797 3466 optamus,
816 3418 882 3452 sus·
933 3401 1156 3452 Heindorfius
1196 3402 1281 3453 haesit
1314 3405 1342 3455 in
1378 3421 1417 3470 co,

400 3471 541 3520 tentetis
553 3470 742 3534 sterigatis.
762 3470 881 3519 Ceterum
932 3469 1000 3534 quod
1022 3471 1141 3520 Socrates
1159 3469 1223 3520 Polo
1245 3473 1373 3535 promittit
1390 3491 1417 3525 se

401 3539 505 3589 Thom.
518 3539 600 3603 Mag.
618 3535 880 3600 ε’πανορθοῦμαι,
931 3538 1015 3602 ipsum
1034 3554 1135 3603 qnoque
1152 3536 1184 3586 de
1202 3539 1247 3601 iis,
1271 3556 1340 3605 qnae
1358 3557 1418 3593 con·

401 3606 499 3670 inquit,
523 3603 626 3655 sititor
649 3601 665 3669 ἢ
689 3601 793 3655 ε’πανο
804 3607 883 3670 prist.
934 3607 1084 3668 enesaunt,
1103 3605 1205 3670 siquid
1222 3607 1263 3656 illi
1280 3624 1334 3659 non
1352 3608 1417 3660 bena

400 3675 435 3724 Et
461 3674 567 3739 ponitur
596 3672 708 3722 medium
738 3673 766 3722 in
793 3673 883 3723 eadem
933 3689 1084 3724 concessum
1108 3674 1240 3737 videatur,
1266 3683 1418 3728 retractatu·

400 3742 527 3792 sententia
544 3742 584 3790 De
601 3741 663 3805 Rep.
682 3742 715 3790 ΙΙ.
732 3756 755 3805 p.
771 3739 829 3793 361.
848 3743 882 3790 B:
934 3758 1005 3804 rum,
1030 3741 1155 3807 quidquid
1177 3741 1223 3792 ille
1245 3743 1316 3793 velit.
1352 3746 1418 3797 Num

401 3805 699 3892 ἑὰνᾶραοφάλλνμαίτι,
713 3805 884 3871 ἐπανορθοῦ·
934 3810 1005 3860 aliud
1037 3809 1100 3874 quid
1130 3815 1198 3860 certe
1222 3813 1355 3875 requirere
1380 3816 1417 3863 vi·

402 3879 465 3927 σθαι
479 3876 580 3943 δυνατῷ
594 3893 671 3926 ειναι.
697 3876 747 3926 Sed
760 3893 812 3926 non
825 3876 883 3927 aba·
933 3878 1026 3928 dentur
1048 3894 1093 3942 ea,
1119 3894 1185 3942 quae
1206 3894 1231 3943 p.
1250 3877 1308 3930 462.
1327 3881 1359 3934 Α.
1383 3882 1418 3932 1ο·

400 3945 509 3996 tinuisse
528 3945 627 3994 Atticos
647 3959 696 3993 usu
714 3945 793 3994 activi
810 3947 883 3994 verbi
932 3953 1037 4012 guntur,
1054 3946 1101 3996 ubi
1115 3946 1235 3996 Socrates
1251 3947 1328 3998 alteri
1345 3949 1417 4013 qnid-

400 4013 481 4078 ipsius
503 4012 620 4062 Platonis
642 4013 790 4064 testimonia
812 4015 884 4064 evin·
930 4011 996 4080 'quid
1019 4013 1176 4064 retractandi
1197 4014 1301 4064 venimn
1325 4015 1417 4082 impar·

400 4086 463 4131 cunt
480 4080 556 4131 haec:
576 4082 617 4130 De
634 4081 697 4146 Rep.
716 4079 840 4145 1.p.346.
852 4084 883 4133 Ε.
933 4085 1004 4132 titur.
1019 4083 1110 4146 ltaque
1116 4081 1197 4132 multo
1207 4083 1291 4146 aptior
1299 4083 1418 4135 videatur

400 4149 445 4198 IV.
463 4145 568 4200 42611.
595 4149 627 4198 Χ.
645 4146 703 4201 604.
717 4150 749 4198 Ι).
775 4150 883 4201 Theact
934 4150 1061 4201 sententia
1092 4165 1108 4198 a
1134 4149 1252 4200 Ficino
1278 4167 1415 4217 expressa:

400 4214 457 4266 146.
482 4216 511 4266 Ο.
541 4214 597 4268 167.
619 4217 651 4265 Ε.
681 4218 748 4266 Prot.
772 4215 830 4270 340.
850 4219 881 4266 D.
933 4222 1030 4280 atque
1055 4231 1112 4281 ego
1135 4216 1418 4286 lubanstibiper·

399 4282 639 4349 Legg.769.1l.al.
657 4285 723 4334 conf.
741 4285 881 4336 Lobeok.
933 4285 1041 4344 mitto,
1065 4288 1114 4345 ut,
1144 4285 1272 4350 siquid
1297 4304 1415 4351 eornm,

398 4350 589 4418 adPhrynioh.
608 4369 631 4417 p.
654 4350 711 4404 250.
933 4366 1012 4415 quae
1043 4364 1207 4404 concessa
1234 4361 1323 4417 sunt,
1353 4373 1414 4407 non
