3242 5259
457 597 637 660 oonoms.
659 600 692 658 P.
715 601 785 660 ιιι.
809 606 879 688 ιιι.
900 603 945 660 ee.
968 603 1011 662 οι.
1172 607 1227 662 ιιι

220 758 369 823 δυνεάειν
397 759 451 823 καί
477 761 634 844 πράγματ’
664 759 761 846 ἔχειν,
797 764 865 827 άλλ’
893 762 1010 843 ἐκεῖνο,
1046 759 1152 848 οἶμαι,
1188 755 1230 829 οὗ

219 855 312 921 ἕνεκα
339 853 490 937 πλέουσι,
519 865 686 951 πλουτεῖν·
717 862 861 926 πλούτου
888 861 950 945 γὰρ
976 860 1068 928 ἕνεκα
1087 860 1228 927 πλέουσι.

222 957 335 1018 nem.
359 957 455 1019 Πάνν
469 977 514 1038 γε.
553 958 632 1022 Edi.
644 951 748 1023 ”Atto
763 981 793 1022 τι
808 954 870 1024 οὖν
884 959 968 1024 οὕτω
986 958 1038 1024 καί
1058 958 1130 1041 περί
1149 962 1226 1025 πάν-

219 1075 301 1127 των,·
332 1050 389 1117 ἐάν
416 1054 463 1129 τίς
482 1078 513 1118 τι
532 1056 654 1138 πράττῃ
674 1054 767 1120 ἕνεκά
785 1079 865 1134 του,
893 1057 933 1120 οὐ
953 1062 1048 1122 τοῦτο
1068 1059 1226 1139 βούλεται,

219 1148 237 1214 δ
256 1153 398 1233 πράττει,
418 1152 485 1216 άλλ’
506 1149 627 1232 ἐκεῖνο,
656 1145 696 1217 οὗ
716 1153 809 1219 ἕνεκα
829 1157 957 1236 πράττει
963 1183 972 1231 3
1010 1158 1120 1222 men.
1149 1157 1224 1220 Ναί.
1246 1157 1276 1222 Ε

217 1253 293 1313 Σίλ.
318 1238 389 1332 'Ao’
419 1244 480 1314 οὖν
508 1248 572 1315 ἔστι
591 1256 706 1316 τιτῶν
726 1257 848 1330 ὄντων,
879 1250 897 1318 ὃ
919 1254 990 1336 οὐχὶ
1009 1258 1079 1336 ἢτοι
1100 1256 1227 1337 άγαθόν

217 1343 243 1428 γ’
274 1341 361 1411 ἐστὶν
387 1347 408 1430 ἢ
434 1350 534 1414 κακὸν
563 1349 584 1432 ἢ
609 1349 725 1431 μεταξὺ
744 1351 884 1429 τούτων,
913 1355 986 1415 οὔτε
1006 1353 1133 1434 άναθδν
1153 1357 1226 1418 οὔτε

216 1446 335 1521 κακόν,
388 1449 495 1511 ΠΩΛ.
538 1447 649 1531 Πολλὴ
678 1448 820 1531 άνάγκη,
861 1441 887 1512 ὦ
921 1450 1100 1532 Σώκρατες.
1149 1454 1224 1516 Est.

220 1544 354 1607 Οὐκοῦν
379 1543 479 1626 λέγεις
508 1539 590 1609 είναι
610 1545 737 1627 άγαδδν
757 1545 816 1628 μὲν
836 1549 957 1629 σοφίαν
976 1569 1009 1612 τε
1030 1549 1082 1613 καί
1102 1549 1226 1630 ὑγίειαν

216 1641 268 1705 καί
298 1647 441 1706 πλοῦτον
467 1641 520 1707 ναί
546 1637 644 1707 τᾶλλα
670 1643 708 1706 τά
733 1651 884 1722 τοιαῦτα,
915 1644 997 1710 κακά
1018 1644 1052 1710 δὲ
1072 1647 1224 1711 τάναντία

214 1740 357 1816 τούτων,-
393 1742 501 1804 fleon.
520 1733 650 1824 Ἔγωγε,
693 1744 766 1804 ΣΩ.
802 1742 850 1806 Τδι
869 1740 903 1807 δὲ
923 1745 1000 1826 μήτε
1020 1744 1129 1826 άναθδι
1148 1747 1225 1828 μήτε

215 1837 300 1902 αακδι
315 1832 379 1917 ἆρα
394 1839 499 1903 τοιάδε
515 1835 626 1921 λέγεις,
647 1843 667 1903 δ
681 1838 780 1904 ἐνίοτε
796 1838 855 1923 μὲν
868 1839 985 1925 μετέχει
1004 1854 1064 1908 τοῦ
1083 1845 1224 1926 άναθοῦ,

216 1935 318 2001 ἐνίοτε
331 1937 365 2002 δὲ
381 1942 442 2002 τοῦ
456 1945 570 2014 κακοῦ,
591 1936 691 2002 ἐνίοτε
711 1937 745 2002 δὲ
766 1936 945 2021 οὐδετέρου,
967 1933 1039 2005 οίον
1058 1947 1225 2024 καθῆσθαι
1244 1942 1306 2006 468

216 2035 270 2099 ναί
299 2036 439 2116 βαδίζειν
465 2036 519 2100 καί
538 2035 658 2119 τρέχειν
679 2035 732 2099 καὶ
751 2040 852 2116 πλεῖν,
882 2036 936 2101 καί
956 2031 1028 2102 οίον
1048 2034 1090 2103 αὖ
1110 2041 1225 2115 λίθους

215 2133 361 2211 καὶξύλα
378 2134 432 2198 καὶ
451 2123 549 2198 τᾶλλα
569 2134 608 2198 τδι
628 2145 776 2211 τοιαῦτα,
798 2136 838 2199 οὐ
858 2143 958 2200 ταῦτα
978 2137 1094 2219 λίγειςς
1114 2136 1134 2219 ἢ
1155 2137 1222 2200 ἄλλ’

214 2236 293 2296 άττα
321 2236 427 2307 καλεῖς
452 2232 491 2297 τὰ
519 2234 595 2318 μήτε
622 2232 731 2315 άγαθδι
759 2228 836 2316 μήτε
865 2235 964 2309 κακά;
1003 2237 1109 2299 ΠΩΛ.
1143 2237 1221 2310 Οὔκ,

198 2330 294 2414 ,άλλδι
312 2342 421 2395 ταῦτα.
463 2334 537 2398 Est.
569 2331 715 2413 Πότερον
731 2325 848 2396 οὖντά
862 2331 978 2414 μεταξὺ
997 2343 1097 2397 ταῦτα
1116 2331 1223 2397 ἕνεκεν

213 2434 279 2494 τῶν
297 2429 433 2511 άγαδάν
446 2430 651 2511 πράττουσιν,
673 2428 752 2493 ὅταν
768 2430 956 2511 πράττωσιν,
977 2430 998 2513 ἢ
1014 2431 1142 2513 τάναθδι
1156 2435 1222 2495 τῶν

214 2586 466 2661 ολτρρεττοοαοεε
492 2581 633 2631 Hermann.
676 2581 758 2632 Nobis
784 2580 904 2632 videntur
929 2582 993 2632 setis
1021 2586 1080 2647 apte
1111 2583 1143 2632 sb
1173 2582 1222 2633 hoe

214 2655 423 2767 ΥΘΡδίίίηίνειια
441 2714 500 2782 nt]
518 2717 550 2766 V.
567 2718 656 2766 εἵνεκα
671 2716 761 2766 invitis
779 2716 849 2766 codd.
867 2717 994 2782 plerisque
1011 2718 1137 2768 omnibns.

264 2786 296 2835 E.
332 2779 423 2834 εἶναι
446 2780 577 2851 ἀγαθὸν
593 2784 652 2846 μὲν
671 2782 807 2850 σοφίαν]
833 2780 921 2850 άγαθὰ
938 2785 1085 2836 Findeieen.
1101 2801 1134 2835 ex
1151 2784 1222 2836 Βίου.

215 2853 324 2919 Eclogg.
341 2853 426 2902 Ethie.
443 2853 523 2904 δοται.
541 2850 591 2916 43,
608 2853 653 2902 nbi
669 2858 739 2903 totus
752 2852 825 2902 loeus
841 2853 902 2903 inde
919 2870 935 2903 e
952 2870 1008 2920 esp.
1024 2854 1109 2904 XXII.
1126 2855 1163 2904 in.
1179 2869 1223 2904 ex-

215 2923 326 2988 scriptus
343 2921 445 2987 legitur.
887 2943 890 2950 ·

214 3054 292 3108 ἇλλον
332 3052 508 3122 χρηματισμὸν
542 3053 694 3122 χρηματιζό-
744 3057 936 3122 responsionem
958 3058 1043 3122 potius
1066 3056 1100 3107 nd
1122 3062 1222 3107 senten·

213 3143 295 3186 μενοι,
312 3147 346 3162 -·-
363 3127 431 3175 Ante
448 3126 569 3174 πλουτεῖν
585 3140 618 3174 ne
635 3125 694 3188 quis
743 3126 807 3174 tiam
836 3141 914 3189 quem
945 3124 977 3175 sd
1005 3126 1118 3176 Socratis
1143 3123 1223 3175 verbe

212 3193 340 3245 desideret
370 3193 508 3243 ortioulnm
537 3189 577 3250 τό,
614 3207 693 3256 quum
744 3193 964 3244 accommodatam
986 3209 1056 3255 esee,
1078 3200 1109 3243 ut
1130 3208 1222 3244 senens

212 3261 382 3328 praecesserit
405 3259 431 3310 τὸ
456 3257 594 3328 ὑγιαίνειν,
617 3277 642 3310 v.
660 3259 692 3308 ad
743 3260 787 3310 hio
804 3263 852 3311 site
870 3276 1007 3312 neeesse
1027 3267 1077 3311 est
1093 3263 1222 3311 omnino

212 3329 346 3380 Phaedon.
362 3344 388 3394 p.
405 3326 445 3380 64
464 3329 492 3379 Ο.
517 3333 543 3378 et
563 3344 587 3394 p.
606 3325 645 3380 70,
664 3328 693 3378 C.
744 3328 1099 3394 omnequodsitunum
1117 3344 1155 3378 ex
1172 3329 1222 3378 bis

212 3399 280 3449 conf.
305 3397 383 3463 Gorg.
406 3413 432 3463 p.
454 3395 511 3448 460.
530 3396 559 3447 G.
584 3394 692 3447 491.D.
743 3396 852 3447 tribus
874 3412 952 3447 esse.
986 3397 1076 3460 Itaque
1097 3411 1130 3446 ex
1148 3412 1221 3461 supe·

212 3461 359 3518 5012E.-
377 3466 427 3515 Pro
445 3461 557 3515 πλούτου
575 3464 622 3514 etsi
641 3463 693 3513 dioi
742 3465 854 3516 rioribus
880 3464 992 3530 intelligi
1020 3469 1116 3530 potest:
1150 3458 1224 3514 εἶναί

211 3540 311 3600 poterat
323 3530 424 3596 τούτου,
442 3531 510 3598 quod
520 3532 616 3598 legitur
625 3531 693 3597 apud
743 3552 800 3582 τινα
816 3537 867 3583 τῶν
882 3530 966 3583 ὄντων
983 3528 1080 3599 ἀγαθοί,
1098 3531 1173 3595 ἕτερα
1191 3530 1222 3582 δὲ

213 3603 299 3665 snb„
340 3606 427 3652 tamen
468 3601 573 3667 gravius
607 3600 692 3665 ipsum
743 3599 807 3651 κακὰ
836 3600 878 3651 καί
902 3597 963 3650 ἄλλα
986 3599 1127 3666 μηδέτερα,
1159 3595 1221 3650 itte

214 3686 307 3722 nomen
328 3669 440 3735 ponitur.
743 3665 845 3732 μεταξύ.
885 3668 969 3720 Aliter
1002 3671 1221 3735 Morgenster·

238 3735 332 3789 ”Atto
368 3755 394 3787 τι
429 3727 488 3786 οὖν
522 3733 606 3786 οὕτω
639 3736 690 3785 καί
743 3738 817 3787 nius
842 3737 932 3803 Progr.
961 3735 1082 3788 a.1821.
1112 3737 1221 3803 Dorpati

214 3807 287 3872 περὶ
308 3801 469 3870 πάνταν,·]
493 3803 578 3854 Intell.
593 3804 649 3867 ἔχει.
667 3820 690 3853 v.
742 3805 802 3855 edit.
819 3821 844 3870 p.
862 3805 918 3855 XV.
953 3806 1019 3856 Mihi
1040 3804 1157 3870 quidem,
1182 3806 1221 3854 in-

214 3875 244 3924 od
267 3891 294 3940 p.
311 3871 371 3925 460.
389 3874 417 3922 Β.
452 3873 502 3922 His
526 3877 612 3923 sutem
636 3887 692 3936 pro·
742 3874 798 3938 quit
819 3873 879 3934 ille,
911 3873 1124 3939 interponendum
1150 3871 1220 3923 houd

212 3945 281 3992 xima
301 3941 522 4006 interpretationis
540 3955 632 3990 esusse
649 3939 692 3989 ad·
741 3940 879 3991 videbatur
895 3941 1001 3991 verbum
1019 3937 1113 4003 ov’ds'v3
1131 3947 1158 3992 et
1172 3941 1220 3991 Po·

213 4012 278 4067 ieota
306 4014 375 4060 sunt.
414 4007 581 4059 Heindorf.
605 4013 691 4058 notam
742 4009 795 4059 lum
821 4015 1011 4060 renuentem
1033 4009 1097 4058 mihi
1121 4023 1221 4074 reprae-

213 4076 388 4144 interrogandi
398 4082 456 4142 post
464 4074 568 4126 πάντων
578 4077 692 4126 sustulit.
742 4078 875 4128 sentebnm
897 4093 928 4128 eo
945 4083 1000 4127 tum
1016 4076 1118 4128 demum
1135 4077 1222 4127 dieen-

242 4149 274 4198 E.
323 4140 427 4196 Πολλ“
464 4140 607 4211 άνάγιιη]
641 4145 691 4194 Fi·
741 4152 793 4196 tem
811 4162 885 4196 suum
904 4144 981 4211 πολλὴ
997 4141 1103 4212 ἀνάγκη.

215 4217 324 4265 einos:
343 4163 590 4263 nihilomnino.
616 4212 692 4263 Unde
775 4211 873 4264 P.468.
900 4212 1125 4277 πράττουσιν,
1144 4210 1221 4263 ὅταν

215 4281 433 4335 Heindorfius
460 4280 613 4332 eoniioiebet
640 4278 692 4332 Οιί-
745 4279 946 4348 πράττωσιν]
990 4283 1078 4332 Tertia
1110 4296 1222 4348 persons
1270 4317 1275 4328 .

217 4349 272 4411 δίν,
301 4349 382 4416 πολλὴ
404 4344 510 4417 ἀνάγκη.
551 4348 601 4400 Sed
624 4357 692 4401 reete
743 4348 851 4416 pluralis
872 4351 984 4412 numeri,
1012 4366 1077 4414 quse
1101 4349 1133 4399 sd
1155 4349 1221 4399 indi·

217 4420 314 4472 monnit
325 4414 693 4470 ButtmannnshonoPoli
743 4417 856 4470 eandum
888 4417 1034 4470 subiectum
1059 4417 1223 4470 indefinitum
