3242 5259
505 616 689 677 GORGIAS.
712 618 745 675 P.
769 617 839 676 487.
862 601 933 675 us.
955 617 1000 675 er.
1024 617 1066 675 sl.
1233 620 1297 675 215⁴

277 779 341 860 γὰρ
359 779 389 841 εἴ
401 802 432 842 τι
447 780 491 861 μὴ
512 779 621 859 ὀρθῶς
641 780 769 859 πράττω
790 779 871 843 κατὰ
890 776 949 842 τὸν
969 781 1044 861 βίον
1063 780 1121 842 τὸν
1142 778 1295 860 ἐμαυτοῦ,

278 872 314 940 εὖ
344 877 412 939 ἴσθι
443 887 539 940 τοῦτο
568 876 617 938 ὅτι
647 879 706 959 οὐχ
727 874 809 940 έκὼν
831 875 1053 959 ἐξαμαρτάνω,
1084 871 1147 939 ἀλλ’
1170 877 1295 960 ἀμαθίᾳ

278 986 317 1058 νῇ
340 974 409 1056 ἐμῇ.
431 974 472 1037 σὺ
492 968 564 1051 οὖν,
587 970 689 1053 ὥςπερ
710 976 794 1056 ἤρξω
816 979 987 1038 νουθετεῖν
1007 997 1055 1055 με,
1077 971 1120 1056 μὴ
1141 974 1294 1056 ἀποστῇς,

278 1074 347 1136 ἀλλ’
369 1073 490 1146 ἱκανῶς·
507 1094 562 1152 μοι
582 1069 733 1150 ἔνδειξαι,
761 1075 791 1135 τί
821 1071 885 1152 έστι
904 1079 1012 1147 τοῦτο,
1034 1073 1051 1136 ὃ
1073 1071 1295 1154 ἐπιτηδευτέον

279 1195 353 1251 μοι,
383 1169 436 1233 καὶ
465 1171 538 1232 τίνα
554 1171 686 1250 τρόπον
713 1171 892 1253 κτησαίμην
921 1170 962 1233 ἂν
989 1171 1078 1234 αὐτό.
1104 1169 1158 1234 καὶ
1179 1167 1236 1232 έολν
1256 1189 1295 1250 με

277 1269 381 1349 λάβῃς
414 1275 477 1329 νῦν
510 1266 570 1351 μέν
597 1282 648 1351 σοι
677 1269 939 1351 ὁμολογήσαντα,
975 1265 1011 1331 έν
1040 1267 1075 1332 δέ
1100 1273 1144 1354 τῷ
1172 1266 1294 1349 ὑστέρῳ

278 1367 386 1450 χρόνῳ
407 1361 451 1446 μη
471 1371 573 1428 ταῦτα
594 1368 783 1446 πράττοντα,
811 1367 892 1447 ἅπερ
914 1367 1119 1448 ὡμολόγησα,
1149 1368 1236 1429 πάνυ
1257 1387 1295 1447 με

277 1465 363 1547 ἡγοῦ
395 1465 498 1543 βλᾶκα
526 1457 608 1526 εἶναι
629 1463 682 1527 καὶ
702 1462 812 1547 μηκέτι
832 1463 908 1527 ποτέ
929 1486 967 1546 με
987 1465 1188 1545 νονθετήσης
1208 1462 1294 1525 ὕστε-
1316 1469 1345 1534 Β

279 1585 349 1641 ρον,
373 1561 415 1634 ὡς
432 1560 569 1641 μηδενὸς
584 1562 675 1638 ἄξιον
695 1567 781 1626 ὄντα.
804 1561 836 1639 ἐξ
856 1563 954 1645 ἀρχῆς
974 1558 1008 1625 δέ
1029 1585 1081 1642 μοι
1104 1559 1295 1642 έπανοέλαβε,

278 1664 347 1733 πῶς
368 1652 433 1741 φης
453 1657 490 1721 τὸ
512 1659 638 1724 δίκαιον
662 1657 744 1742 ἔχειν
764 1659 817 1723 καὶ
838 1660 879 1724 σὺ
899 1659 953 1724 καὶ
975 1660 1139 1739 Πίνδαρος
1158 1661 1194 1722 τὸ
1215 1658 1295 1723 κατὰ

278 1759 400 1839 φύσιν,
430 1760 520 1836 ἄγειν
550 1758 605 1840 βίᾳ
631 1756 690 1820 τὸν
710 1758 841 1838 κρείττω
861 1757 900 1820 τὰ
920 1761 986 1820 τῶν
1004 1757 1148 1839 ἡττόνων
1168 1755 1222 1820 καὶ
1242 1761 1295 1837 cip-

277 1878 346 1939 χειν
363 1857 423 1918 τὸν
438 1853 550 1934 βελτίω
564 1859 629 1918 τῶν
643 1857 797 1938 χειρόνων
812 1854 866 1918 καὶ
882 1854 981 1918 πλέον
998 1853 1079 1937 ἔχειν
1097 1856 1156 1918 τὸν
1176 1856 1296 1938 α’μελνω

277 1964 338 2017 τοῦ
360 1951 581 2033 φαυλοτέραν,Ι
611 1955 654 2037 μή
675 1957 803 2018 τιᾶλλο
825 1950 924 2035 λέγεις
945 1954 981 2017 τὸ
1002 1954 1128 2017 δίκαιον
1148 1948 1247 2028 εἶναι,Ι
1274 1953 1295 2035 ἢ

278 2052 391 2132 ὀρθῶς
411 2051 588 2133 μέμνηντο

345 2151 427 2240 Οαρ.
449 2150 578 2216 XLIII.
624 2153 725 2213 ΚΑΛ.
755 2141 850 2212 Ἀλλὰ
878 2157 978 2211 ταῦτα
1009 2143 1118 2229 ἔλεγον
1145 2146 1198 2210 καὶ
1226 2148 1296 2210 τότε

278 2357 387 2405 Meerm.
400 2355 468 2404 Vett.
482 2352 553 2402 editt.
565 2350 735 2419 ἐργασαίμην.
754 2351 832 2402 Vind.
850 2351 874 2402 1.
891 2351 914 2402 6.
933 2352 1094 2418 αἰτησαίμην.
1121 2352 1189 2401 Dein
1206 2351 1297 2416 optimi

279 2424 439 2487 plurimique
463 2418 512 2470 ἐὰν
534 2420 583 2482 μὲν
601 2418 690 2485 λάβῃς,
708 2420 839 2470 mendose.
866 2420 954 2470 Clark.
972 2422 1030 2471 Vnt.
1050 2416 1128 2470 ταύτὰ
1146 2416 1296 2483 πράττοντα.

280 2493 344 2541 Mox
364 2490 436 2555 vulg.
454 2486 545 2553 βλόκα,
565 2489 634 2553 quod
651 2488 775 2538 suadente
792 2489 912 2538 Bekkero
929 2490 1035 2540 mutavi.

331 2594 362 2640 Β.
408 2587 440 2639 τό
464 2587 539 2640 κατὰ
563 2588 700 2656 punem]
737 2590 805 2640 Ante
829 2589 976 2639 Bekkerum
1003 2596 1073 2640 recta
1103 2586 1298 2639 desiderabatur

278 2659 463 2724 interpunctio.

331 2759 384 2808 nal
405 2757 504 2808 πλέον
523 2758 628 2825 ἔχειν]
648 2758 722 2808 Libri
736 2760 835 2808 πλεῖον.
858 2757 939 2807 Iidem
954 2757 1019 2806 alibi
1035 2757 1113 2807 etiam
1126 2756 1205 2807 πλέον
1223 2757 1297 2820 ἔχειν,

283 2828 353 2893 quod
376 2828 454 2876 unice
475 2843 564 2877 verum
587 2843 644 2877 esse
668 2827 696 2876 in
713 2827 763 2877 hac
780 2827 892 2877 formula
909 2826 985 2875 docet
1000 2825 1110 2875 verbum
1128 2828 1298 2876 πλεονεκτεῖν.

281 2896 441 2960 Perspicuus
463 2895 513 2944 hac
535 2895 562 2945 in
586 2911 613 2944 re
635 2894 709 2945 locus
732 2899 772 2944 est
793 2911 818 2960 p.
836 2891 894 2944 483.
913 2893 958 2957 (1.,
980 2894 1026 2943 ubi
1043 2893 1116 2943 codd.
1132 2899 1201 2944 recte
1220 2893 1299 2944 πλέον

280 2971 426 3014 servarunt.
450 2964 518 3013 conf.
536 2963 614 3014 etiem
630 2963 671 3012 De
688 2961 797 3027 Republ.
815 2963 836 3011 I.
853 2978 877 3027 p.
895 2960 953 3013 349.
971 2966 998 3012 ct
1015 2963 1060 3012 IX.
1077 2979 1102 3027 p.
1120 2961 1178 3014 574.
1197 2964 1229 3011 Α.
1250 2962 1298 3012 ibi·

279 3049 329 3097 que
349 3037 438 3082 annot.
456 3031 525 3080 infra
541 3047 566 3096 p.
584 3028 642 3083 490.
661 3032 689 3082 O.
707 3033 742 3081 Ι).
758 3028 817 3081 491.
835 3032 868 3082 Ι).

278 3217 315 3267 ότι
334 3232 381 3281 per
398 3216 556 3281 sepositum
573 3220 650 3279 atque
664 3213 763 3265 mediae
815 3214 1002 3280 perfectum
1019 3229 1105 3276 esse,
1122 3220 1153 3265 ut
1167 3215 1298 3265 Phaedon.

278 3284 392 3335 orationi
419 3280 571 3335 όσυνδὲτωο
598 3284 763 3333 interiectum
813 3294 839 3349 p.
858 3281 899 3334 77.
917 3281 946 3332 C.
964 3283 998 3332 al.

276 3360 409 3419 putamus.
449 3352 569 3402 Getarum
597 3351 626 3400 in
654 3351 703 3415 ἔχει
725 3351 764 3400 in·
849 3352 877 3400 P.
904 3348 962 3400 488.
1007 3351 1059 3398 καὶ
1092 3347 1187 3412 μέχρι
1225 3350 1297 3413 roc]

278 3429 318 3472 est
342 3419 454 3470 subiecti
476 3414 539 3469 αὐτὸ
562 3435 582 3469 s.
607 3415 635 3468 τό
659 3424 764 3483 πρᾶγμα
814 3419 848 3468 Η.
867 3436 888 3468 e.
906 3416 978 3482 μέχρι
997 3420 1082 3469 τίνοοι
1110 3433 1143 3467 ne
1163 3416 1299 3479 quiscum
1352 3443 1354 3448 ·

278 3488 449 3555 significatio,
472 3486 542 3552 quod
564 3487 684 3540 German.
702 3487 763 3536 dioi-
814 3485 1039 3535 Findeisenio
1058 3480 1175 3550 μέχριοό
1187 3485 1300 3534 scriben-

278 3573 351 3607 mns:
390 3572 416 3606 es
446 3554 546 3606 votur
574 3555 635 3607 ιλτλ,
675 3571 700 3604 v.
731 3554 763 3604 ad
811 3554 873 3605 dum
890 3557 970 3618 putet.

279 3626 389 3675 Theact.
406 3639 431 3688 p.
449 3620 507 3673 187.
525 3622 554 3673 0.
572 3621 629 3673 171.
647 3623 678 3672 Δ.
849 3622 950 3686 βλᾶκα
973 3614 1006 3670 εἷ
1013 3619 1078 3686 ναι]
1102 3621 1135 3670 Η.
1154 3638 1176 3672 e.
1200 3621 1300 3671 homi-

815 3706 886 3739 nem
916 3690 1044 3738 iatuum
1068 3694 1100 3738 et
1121 3688 1300 3754 stupidum.

816 3756 980 3807 Vocabulum
1015 3757 1119 3822 copiose
1159 3757 1301 3807 illustravit

815 3825 988 3875 Ruhnken.
1015 3825 1049 3874 ad
1072 3825 1140 3874 Tim.
1165 3825 1250 3876 Gloss.
1274 3841 1300 3889 p.

816 3891 851 3944 60
862 3908 915 3958 seq.
939 3894 1003 3942 Mox
1015 3889 1110 3958 postrd
1125 3889 1187 3943 κατὰ
1207 3890 1298 3954 φύσιν,

817 3977 882 4024 quae
904 3959 985 4011 verba
1008 3963 1139 4026 pertinent
1163 3961 1196 4010 nd
1214 3956 1241 4009 τὸ
1261 3958 1300 4009 δί-

818 4046 901 4087 καιον,
921 4028 1009 4078 deerat
1019 4028 1098 4093 vulgo
1116 4028 1301 4094 interpunctio,

315 4095 407 4148 τέλος
438 4093 590 4162 ἧδηέξει
615 4102 667 4163 τῆς
695 4092 765 4162 ἄλη·
817 4097 1300 4161 quamauctoreHeindorfiocum

280 4163 397 4230 θείαν]
427 4165 460 4214 Η.
483 4180 505 4213 e.
529 4166 556 4214 si
580 4181 641 4230 ego
665 4170 765 4228 atque
817 4164 972 4214 Bekkero
994 4164 1107 4214 restitui.
1148 4164 1216 4213 Nam
1244 4180 1301 4229 prc-

280 4242 315 4283 tu
339 4233 601 4294 consentiamus,
630 4232 662 4281 id
686 4247 765 4282 vero
817 4233 888 4282 xima
923 4231 1058 4281 continent
1091 4230 1209 4281 Calliclis
1244 4247 1301 4282 sen·

279 4302 517 4352 documentum
559 4301 625 4351 erit
666 4301 766 4364 perie-
817 4299 941 4361 tentiam,
964 4315 1041 4363 quam
1059 4299 1179 4349 Socrates
1201 4300 1302 4364 repetit,

279 4376 356 4421 ctae
386 4374 418 4419 et
444 4373 694 4419 consummatae
718 4383 766 4416 ve·
818 4367 939 4432 deinceps
954 4366 986 4416 de
1003 4383 1035 4417 es
1052 4368 1198 4418 accuratius
1215 4367 1303 4433 dispu-

279 4436 409 4492 nitatis.
449 4437 516 4489 Nam
541 4435 610 4490 silos
637 4436 704 4501 ἔχειν
726 4443 768 4487 est
817 4441 926 4489 tuturus.
961 4435 1079 4488 Pendent
1097 4439 1185 4487 autem
1201 4436 1268 4488 haec
1286 4453 1303 4486 a

313 3728 345 3775 Ε.
379 3721 441 3774 οὔτ’
460 3721 624 3789 αἰσχύνης
643 3741 763 3788 παρον-

281 3791 348 3859 αίᾳ]
362 3794 442 3842 Recta
453 3795 593 3857 παρουσίᾳ,
608 3790 677 3857 quod
687 3798 765 3857 opp'o·

278 3864 351 3912 nitur
364 3866 514 3926 antegresso
529 3857 627 3926 ἐνδείᾳ,
645 3859 765 3924 salseque

278 3930 381 3979 indicat
404 3927 509 3978 Callicli
532 3943 634 3978 omnem
658 3929 764 3977 omnino

279 3999 371 4048 deesse
384 3995 569 4046 verecundiam
585 4011 616 4046 ac
633 3996 764 4060 pudorem.
