3242 5259
488 610 544 667 AD
566 607 750 668 GORGIAM
771 609 975 668 PLATONIS.
1201 619 1240 671 49

215 777 271 835 etsi
292 777 368 834 haec
388 777 594 852 disputationis
615 777 759 853 particula
780 778 912 853 proxime
934 779 1088 838 coniuncta
1109 785 1154 839 est
1175 801 1241 838 oum

215 881 274 918 uno
297 862 426 919 maxime
448 863 590 940 colloquio
612 863 689 921 inter
711 863 860 920 Socratem
881 869 910 921 et
932 864 1080 921 Calliclem
1093 865 1238 938 instituto,

215 953 317 1004 tamen
346 947 435 1004 etiam
463 948 602 1005 sermonis
632 940 698 1005 cuin
728 948 836 1020 Gorgia
864 953 952 1026 atque
973 950 1043 1006 Polo
1072 951 1164 1008 habiti
1193 971 1239 1008 ra·

215 1031 329 1089 tionem
350 1031 418 1088 duci
445 1031 586 1107 imprimis
616 1052 654 1089 ex
684 1052 717 1090 eo
745 1032 933 1090 manifestum
960 1033 1008 1105 fit,
1037 1036 1114 1111 quod
1142 1037 1238 1093 denuo

215 1116 357 1174 scientiae
379 1117 416 1173 ad
438 1121 531 1174 artem
552 1117 706 1175 oratoriam
727 1118 906 1175 necessariae
931 1119 1040 1176 mentio
1062 1119 1110 1192 fit,
1140 1139 1158 1176 a
1179 1139 1238 1198 qua

214 1201 311 1276 prima
339 1205 422 1276 parte
452 1201 545 1258 omnis
574 1221 678 1260 exorsa
706 1206 751 1260 est
779 1202 953 1277 disputatio,
982 1208 1070 1280 atque
1097 1205 1237 1279 potentia,

215 1304 306 1362 quam
326 1304 399 1344 vera
420 1304 467 1343 ars
495 1285 588 1345 civilis
611 1287 730 1357 habeat,
760 1286 868 1363 quippe
889 1307 981 1365 quum
1009 1290 1046 1346 ed
1066 1295 1237 1364 perpetuam

216 1389 250 1426 ac
272 1369 480 1445 sempiternam
501 1370 671 1429 felicitatem
691 1370 849 1446 plurimum
870 1373 968 1430 valere
989 1371 1147 1445 iudicetur,
1176 1393 1236 1432 non

214 1455 301 1513 modo
323 1453 459 1526 Calliclis,
488 1456 539 1513 sed
559 1456 686 1513 maxime
715 1455 803 1514 etiam
825 1455 890 1514 Poli
917 1458 953 1514 de
973 1457 1080 1515 haere
1108 1457 1236 1534 opinioni

214 1559 230 1596 0
252 1539 372 1613 regione
393 1539 519 1614 ponitur.
564 1541 612 1597 Ex
633 1560 690 1618 quo
711 1541 840 1616 profecto
860 1541 947 1600 debet
968 1562 1030 1600 esse
1051 1542 1235 1619 perspicuum

214 1624 362 1699 pertinere
390 1624 468 1681 hanc
502 1625 641 1683 sermonis
677 1625 889 1684 conclusionem
924 1627 1040 1684 omnino
1076 1629 1112 1685 ad
1141 1631 1236 1686 totum

216 1708 400 1786 colloquium,
422 1709 508 1787 quale
530 1710 566 1767 ab
587 1709 671 1768 initio
693 1710 831 1784 legimus,
860 1730 956 1788 neque
985 1717 1097 1787 partem
1125 1713 1234 1787 dialogi

216 1813 288 1865 eam,
311 1812 370 1871 qua
384 1793 518 1872 Socrates
539 1814 605 1852 cum
619 1795 726 1868 Gorgia
748 1795 783 1852 de
798 1799 904 1854 natura
917 1796 1075 1854 rhetorices
1094 1797 1234 1872 disputat,

215 1897 282 1935 cum
302 1877 471 1938 novissimis
492 1878 598 1937 criticis
618 1883 768 1958 tamquam
793 1900 845 1956 pro
865 1880 1079 1939 introductione
1108 1883 1234 1960 quadam

215 1964 381 2021 habendam
402 1982 473 2033 esse,
495 1982 553 2041 qua
572 1963 692 2041 reliquis
714 1964 798 2042 quasi
819 1965 1013 2040 praeludatur.

280 2048 338 2106 Sed
358 2048 432 2105 haec
453 2047 571 2126 quidem
598 2049 635 2106 de
664 2048 710 2106 his
738 2049 818 2107 satis.
861 2051 965 2109 Restat
994 2054 1029 2109 ut
1056 2052 1232 2108 monendum

215 2131 253 2190 sit
273 2133 311 2190 de
342 2133 499 2208 epilogo
526 2132 565 2209 (p.
590 2134 659 2191 527.
681 2135 712 2192 C.
733 2166 777 2174 -
797 2131 853 2207 E).
896 2136 927 2192 Is
948 2154 1017 2194 vero
1038 2140 1069 2194 01
1089 2136 1233 2195 brevitate

215 2221 245 2274 et
266 2216 454 2292 simplicitate
475 2236 528 2275 sua
548 2237 665 2293 prorsus
684 2217 807 2292 insignis
828 2223 881 2290 est,
902 2224 988 2278 uteo
1009 2219 1125 2277 nomine
1145 2222 1232 2295 plane

214 2303 390 2377 respondeat
417 2301 534 2377 prologo
569 2302 683 2376 dialogi.
733 2301 832 2364 Quum
865 2304 944 2361 0111111
977 2325 1072 2382 neque
1100 2305 1232 2364 Callicles

215 2405 310 2464 neque
334 2386 424 2444 Polus
445 2405 540 2464 neque
561 2386 681 2460 Gorgias
711 2388 859 2446 meliorem
886 2389 966 2447 vitae
986 2390 1061 2447 bene
1089 2394 1120 2448 et
1146 2392 1231 2448 beate

213 2471 363 2545 degendae
383 2470 527 2529 rationem
548 2471 659 2531 Socrati
679 2473 829 2547 potuerint
848 2473 975 2529 indicare
996 2493 1038 2544 ea,
1060 2491 1148 2549 quam
1168 2474 1231 2547 ipse

214 2555 325 2614 fatetur
346 2555 402 2613 sibi
422 2575 536 2632 semper
555 2557 706 2632 probatam
727 2576 798 2628 esse,
819 2557 896 2614 hano
909 2575 998 2614 unam
1019 2562 1117 2616 censet
1128 2561 1230 2615 tenen-

215 2641 280 2698 dam
303 2659 337 2699 ac
359 2641 537 2717 sequendam
557 2660 628 2713 esse,
649 2661 703 2699 nec
722 2661 792 2701 vero
813 2642 1000 2713 contrariam,
1027 2641 1135 2718 quippe
1156 2662 1230 2719 quae

215 2725 300 2782 nihili
328 2725 509 2784 aestimanda
536 2725 574 2785 sit
600 2725 639 2802 (p.
669 2730 737 2783 526.
767 2727 802 2783 D.
826 2758 869 2768 -
898 2727 967 2784 527.
996 2724 1051 2800 E).
1094 2727 1232 2786 Continet

215 2810 306 2884 igitur
334 2809 467 2885 epilogus
492 2810 618 2889 denique
644 2810 719 2868 nihil
745 2811 803 2869 nisi
825 2811 1101 2870 commendationem
1122 2831 1230 2883 eorum,

215 2914 288 2972 quae
310 2895 494 2970 philosophia
514 2896 642 2954 suadeat.
810 2934 813 2939 >

277 2977 379 3041 Quum
405 2979 497 3054 igitur
523 2979 594 3039 satis
621 2980 680 3037 iam
709 2984 842 3056 apertum
869 2979 908 3039 sit
936 2979 1064 3054 singulas
1095 2979 1231 3056 colloquii

214 3069 312 3138 partes
333 3065 391 3122 1100
410 3064 522 3123 10110110
544 3064 651 3141 optime
672 3064 749 3123 inter
769 3065 847 3140 ipsas
862 3066 1015 3122 cohaerere
1037 3069 1067 3123 01
1088 3065 1124 3121 ad
1138 3084 1230 3121 unum

215 3150 399 3227 eundemque
420 3149 508 3208 finem
521 3149 692 3225 conspirare,
715 3148 784 3226 quid
799 3149 846 3220 sit,
868 3151 905 3207 ad
927 3151 1006 3227 quod
1025 3149 1118 3206 omnis
1132 3149 1230 3224 dispu-

213 3234 286 3293 tatio
316 3233 443 3311 denique
471 3235 630 3310 pertineat,
659 3234 742 3292 nobis
763 3234 881 3311 quidem
908 3233 1063 3292 clarissime
1093 3253 1231 3310 apparere

213 3319 339 3391 videtur,
361 3338 457 3397 neque
477 3319 537 3377 iam
551 3339 623 3394 opus
637 3322 690 3390 est,
712 3322 747 3377 ut
767 3319 890 3376 aliorum
911 3320 946 3376 de
960 3320 1016 3376 hac
1036 3338 1068 3376 re
1082 3318 1230 3394 opiniones

213 3423 302 3479 supra
323 3403 419 3462 obiter
439 3409 611 3463 memoratas
632 3403 840 3461 examinemus.

278 3486 365 3550 Quod
393 3493 491 3547 autem
519 3488 551 3546 in
577 3487 722 3565 plerisque
750 3488 832 3546 libris
852 3487 983 3546 Platonis
1012 3485 1144 3543 omnibus
1165 3485 1230 3542 fieri

213 3573 295 3644 solet,
317 3577 353 3631 ut
374 3591 440 3630 oum
460 3573 589 3653 principe
610 3572 805 3649 disputatione
827 3573 885 3630 aha
905 3571 994 3630 etiam
1011 3574 1229 3641 connectantur,

213 3676 289 3734 quae
311 3657 397 3735 quasi
417 3657 587 3716 secundaria
600 3677 687 3734 opera
705 3657 895 3733 explicentur,
916 3657 995 3714 idem
1015 3655 1104 3714 etiam
1123 3655 1156 3712 in
1175 3656 1231 3711 hoc

213 3760 354 3814 sermone,
378 3743 542 3817 argumenti
561 3741 703 3801 varietate
725 3761 866 3819 perquam
887 3741 1003 3814 insigni,
1023 3742 1119 3798 locum
1132 3741 1230 3798 habet.

213 3826 279 3885 Etsi
308 3826 388 3884 enim
415 3828 548 3904 princeps
577 3827 736 3904 disputatio
763 3826 794 3883 in
823 3847 857 3884 00
885 3830 1033 3897 versatim,
1070 3831 1104 3884 ut
1139 3830 1231 3882 artem

212 3911 390 3970 rhetoricam
411 3916 441 3970 et
462 3912 592 3983 civilem,
613 3911 707 3989 qualis
727 3911 779 3968 illa
802 3916 898 3970 aetate
918 3913 1072 3985 regnabat,
1100 3908 1231 3967 reiicien-

213 3996 280 4053 dam
302 4001 334 4055 et
355 3997 393 4053 ad
413 3997 610 4073 philosophiae
630 3996 772 4054 rationem
794 3997 1003 4055 aestimandam
1025 3999 1055 4053 et
1075 3992 1230 4052 vindicatis

213 4081 287 4139 bene
309 4082 491 4159 honesteque
512 4081 632 4141 vivendi
652 4081 764 4154 legibus
785 4083 977 4140 revocandam
1003 4099 1066 4137 esse
1087 4080 1231 4149 doceatur,

211 4171 312 4224 tomen
335 4186 402 4223 cum
424 4185 458 4224 ea
477 4167 575 4242 plures
597 4165 670 4223 ahoe
685 4165 869 4243 quaestiones
891 4171 968 4223 arcte
982 4164 1132 4239 copulatae
1154 4165 1231 4234 sunt,

210 4269 286 4329 quae
321 4251 456 4309 uberiore
484 4250 677 4327 explicatione
710 4250 815 4323 dignae
846 4251 1030 4320 viderentur,
1067 4247 1161 4307 veluti
1197 4248 1233 4305 de

210 4355 348 4412 supremo
370 4336 564 4394 humanarum
585 4335 732 4395 actionum
752 4335 826 4406 fine,
849 4337 884 4393 de
905 4332 976 4392 iusti
997 4336 1028 4391 et
1047 4332 1166 4389 iucundi
1188 4333 1231 4389 di-

210 4421 370 4494 versitate,
398 4422 435 4478 de
461 4420 519 4481 viri
545 4421 615 4479 boni
643 4426 674 4479 01
694 4420 809 4478 honesti
837 4420 869 4477 in
889 4416 1067 4495 perferendis
1095 4417 1180 4475 malis
1203 4423 1234 4477 01

260 4537 318 4576 Plat.
332 4535 389 4585 Opp.
402 4535 450 4577 Vol
463 4535 491 4574 Π.
506 4533 562 4574 scot.
577 4535 596 4574 1.
776 4553 784 4566 ·
1018 4530 1036 4583 4
