3242 5259
411 597 449 649 cs
774 589 1074 678 rnomeounur

411 761 447 817 ad
473 758 543 817 belli
568 757 803 833 Peloponnesiaci
832 759 950 816 initium
977 758 1154 827 reiecerrmt,
1183 756 1327 835 siquidem
1356 776 1426 815 nus·

410 863 498 921 quam
518 847 658 902 testatum
679 842 800 916 legimus
822 843 959 918 Gorgiam
980 843 1038 899 iam
1059 847 1127 900 ante
1148 841 1228 899 illam
1248 841 1427 914 legationem

409 927 558 986 Graeciam
578 927 775 1002 peragravisse
797 934 885 1005 atquo
906 934 999 985 artem
1025 946 1107 985 suam
1135 931 1282 985 ostentare
1303 945 1424 984 consue-

408 1013 493 1071 visse.
534 1014 598 1069 Iam
618 1030 687 1071 vero
709 1011 804 1068 animo
826 1011 1095 1087 circumspicientes,
1117 1031 1189 1068 num
1209 1030 1267 1088 qua
1288 1011 1352 1068 fieri
1373 1030 1425 1087 po-

408 1097 511 1166 tuerit,
540 1104 575 1155 ut
603 1095 732 1171 sophista
760 1116 850 1154 senex
878 1099 973 1154 factus
1002 1095 1128 1154 Athenis
1157 1096 1225 1153 data
1255 1094 1354 1172 aliqua
1381 1096 1424 1153 rei

409 1181 623 1257 opportunitate
644 1199 720 1238 nova
741 1181 811 1238 artis
840 1201 909 1239 suae
930 1183 1103 1238 documenta
1129 1172 1288 1238 illustriora
1315 1181 1422 1251 ederet,

373 1273 375 1279 '
408 1286 445 1322 ue
465 1267 520 1323 hac
541 1265 657 1342 quidem
685 1265 768 1322 inre
789 1267 875 1340 plane
903 1266 1003 1340 inopes
1025 1263 1137 1322 consilii
1158 1265 1319 1321 haeremus.
1363 1265 1423 1321 Lu·

407 1356 533 1408 strantes
561 1349 638 1406 enim
665 1349 760 1406 varias
789 1351 962 1425 scriptorum
983 1350 1018 1406 de
1047 1349 1110 1407 vita
1131 1367 1164 1405 ac
1184 1350 1303 1406 fortuna
1330 1348 1422 1423 ipsius

407 1434 599 1504 narrationes,
622 1434 657 1490 de
678 1433 784 1511 quibus
804 1456 832 1494 v.
855 1454 921 1491 ann.
942 1439 1031 1492 nostr.
1054 1433 1091 1490 ad
1112 1432 1179 1508 Gap.
1202 1434 1226 1489 I.
1248 1433 1308 1502 in,
1336 1433 1421 1490 facile

408 1519 670 1576 animadvertemus
697 1537 796 1576 omnes
824 1519 903 1590 illas,
941 1518 1027 1576 sicuti
1054 1537 1123 1577 vere
1157 1517 1317 1576 arbitratur
1344 1518 1372 1574 N
1379 1517 1420 1574 ic.

409 1603 555 1678 Sybren
584 1603 776 1678 Sybrandi
802 1605 821 1660 l.
844 1623 867 1660 c.
889 1625 917 1679 p.
943 1607 980 1659 12
1003 1621 1078 1678 seq.,
1106 1601 1186 1658 nullo
1215 1602 1276 1659 fere
1304 1601 1421 1675 negotio

406 1686 449 1745 ita
469 1706 552 1762 posse
573 1687 650 1744 inter
671 1707 701 1744 se
723 1687 884 1758 conciliari,
914 1692 948 1746 ut
969 1686 1105 1760 Gorgiam
1125 1686 1270 1759 legatione
1297 1706 1352 1743 sua
1373 1687 1421 1744 de-

406 1772 539 1829 functum
561 1771 759 1830 existimemus
772 1772 892 1830 rediisse
913 1771 1030 1849 quidem
1043 1771 1074 1827 in
1089 1768 1223 1842 Siciliam,
1245 1789 1303 1848 quo
1324 1789 1422 1828 rerum

407 1874 424 1911 a
446 1875 476 1912 se
497 1861 644 1928 gestarum
664 1855 806 1914 rationem
834 1857 982 1926 redderet,
1003 1852 1062 1913 ¹sed
1083 1856 1206 1912 eundem
1233 1859 1337 1929 postea
1363 1862 1420 1913 sta·

406 1944 536 2011 tuamus,
566 1940 716 1999 interiecto
738 1940 835 2017 ahquc
863 1940 1000 2016 temporis
1021 1938 1132 2014 spatio,
1161 1939 1268 1997 iterum
1287 1940 1421 1998 Athenas

406 2043 468 2081 esse
489 2025 657 2101 profectum.
693 2025 739 2083 Ibi
760 2044 829 2083 vero
851 2025 921 2082 dum
941 2025 1046 2099 hospes
1067 2028 1258 2082 commoratus
1279 2028 1333 2094 est,
1354 2024 1420 2081 uni-

405 2127 519 2166 versam
547 2128 634 2185 prope
663 2109 813 2167 Graeciam
840 2109 1037 2187 imprimisque
1065 2107 1244 2165 Thessaliam
1271 2106 1419 2180 lustravit,

405 2192 464 2250 illic
486 2197 578 2250 artem
599 2211 682 2251 suam
709 2197 866 2252 ostentans.
909 2194 957 2250 Ex
984 2192 1089 2271 quibus
1118 2192 1235 2269 quidem
1255 2191 1417 2265 itineribus,

405 2276 461 2334 etsi
487 2277 599 2334 interea
628 2277 749 2334 subinde
777 2279 910 2336 Athenas
940 2278 976 2334 ad
1004 2280 1092 2336 breve
1121 2282 1236 2351 tempus
1265 2277 1420 2336 revertisse
1469 2340 1470 2345 .

405 2361 535 2431 videtur,
565 2367 664 2419 tamen
691 2367 757 2436 post
785 2362 996 2420 diuturniorem
1027 2362 1143 2418 demum
1179 2361 1342 2420 absentiam
1379 2362 1419 2420 ita

404 2445 499 2517 rediit,
520 2453 555 2504 ut
575 2446 615 2503 ibi
637 2447 754 2504 tandem
771 2452 911 2522 perpetuo
932 2450 1094 2503 remaneret
1113 2464 1206 2523 usque
1228 2447 1264 2503 ad
1285 2451 1417 2517 mortem,

404 2551 492 2608 quam
519 2537 640 2604 vegetus
668 2533 862 2609 robustusquo
891 2551 981 2589 senex
1010 2549 1085 2586 anno
1114 2530 1218 2588 aetatis
1245 2530 1418 2603 octogesimo

403 2616 452 2672 vel
473 2615 627 2673 centesimo
643 2614 745 2692 quinto
767 2622 819 2674 aut
833 2621 934 2674 octavo
949 2615 1053 2673 obiisse
1074 2622 1223 2684 narratum
1245 2634 1274 2673 v.
1287 2615 1416 2673 Athen

403 2699 475 2755 XII.
497 2720 524 2774 p.
549 2704 617 2756 548.
640 2699 670 2756 O.
691 2700 745 2756 11.·
762 2699 894 2758 Rediisse
916 2720 983 2757 eum
1003 2699 1136 2758 Athenas
1156 2699 1280 2757 lustrata
1296 2699 1416 2767 Graecia

403 2787 491 2859 atque
512 2783 661 2840 Thessalia
687 2783 786 2860 ibique
815 2804 913 2841 rerum
940 2803 1058 2842 suarum
1086 2783 1331 2860 sedem-denique
1352 2803 1415 2860 per·

403 2872 490 2940 petuo
511 2866 610 2924 fixisse
632 2866 748 2939 colligas
770 2887 808 2924 ex
829 2869 1029 2927 Athenaeo
1050 2868 1106 2924 XI.
1128 2888 1156 2943 p.
1173 2872 1242 2925 508.
1264 2867 1301 2925 D.
1322 2867 1358 2924 E.
1376 2888 1414 2919 =

403 2950 435 3008 T.
457 2951 498 3007 H.
520 2970 547 3025 p.
573 2955 661 3007 1136.
684 2952 727 3008 ed.
749 2951 836 3008 Dind.
879 2953 1018 3011 Docuisse
1049 2957 1147 3010 autem
1173 2951 1270 3026 ipsum
1291 2951 1415 3010 Athenis

403 3033 460 3090 iam
482 3053 581 3092 senem
601 3035 710 3093 factum
730 3037 779 3094 vel
799 3036 896 3111 potius
927 3037 1071 3095 orationes
1093 3035 1295 3094 ostentationis
1323 3036 1415 3110 gratia

401 3123 465 3175 tum
499 3118 540 3176 ibi
575 3119 711 3177 habuisse
748 3121 902 3179 memoriae
936 3120 1064 3197 prodidit
1096 3119 1326 3180 Philostrat.
1357 3120 1413 3178 Vit

402 3202 528 3277 Sophist.
550 3223 577 3278 p.
600 3209 669 3261 493.
686 3225 725 3254 =
744 3209 790 3262 14.
813 3207 857 3262 ed.
879 3206 1000 3278 Kaisar,
1023 3204 1106 3262 cuius
1127 3205 1199 3262 haec
1220 3210 1290 3263 sunt
1310 3206 1413 3265 verba:

400 3283 583 3362 Διαλεχθεὶς
612 3283 645 3344 δὲ
663 3281 921 3369 Ἀθήνῃσινκῆὃη
948 3284 1107 3368 γηράσκων
1135 3287 1162 3346 εἷ
1187 3284 1245 3364 μὲν
1269 3284 1331 3347 ὑπὸ
1353 3291 1413 3348 τῶν

399 3371 518 3429 πολλῶν
538 3367 747 3448 ἐθαυμάσθη,
777 3366 863 3431 οὕτω
885 3374 1005 3449 θαῦμα·
1035 3369 1051 3432 ὁ
1075 3367 1123 3443 δέ,
1146 3365 1246 3449 οἶμαι,
1272 3371 1329 3438 καὶ,
1343 3370 1433 3443 τοὺς.

399 3451 659 3532 ἐλλογιμωτάτους
686 3450 876 3536 ἀνηρτήσατο
904 3478 931 3516 κ.
960 3479 988 3516 τ.
1017 3458 1044 3515 λ.
1100 3457 1149 3513 Ex
1182 3457 1288 3534 quibus
1317 3457 1413 3517 verbis

399 3538 535 3612 Gorgiam
556 3559 706 3615 perperam
727 3541 912 3600 coniecerunt
931 3542 989 3599 iam
1010 3547 1074 3598 tum
1089 3561 1187 3599 senem
1201 3541 1301 3613 hrisse,
1323 3562 1412 3620 quum

398 3624 523 3697 primum
543 3625 656 3697 legatus
671 3625 804 3684 Athenas
825 3626 968 3697 venisset3
990 3625 1137 3700 pertinent
1157 3625 1235 3683 enim
1249 3626 1302 3683 illa
1314 3625 1413 3702 procul

398 3708 485 3764 dubio
507 3709 543 3764 ad
565 3727 629 3765 eam
648 3708 704 3767 viri
727 3715 867 3782 aetatem,
897 3729 955 3787 qua
975 3730 1014 3768 ex
1035 3709 1185 3768 Thessalia
1204 3711 1299 3768 redux
1318 3711 1413 3769 factus

398 3791 582 3850 audientibus
603 3812 696 3869 usque
717 3793 763 3850 sui
785 3794 895 3869 copiam
922 3794 1062 3864 faciebat,
1092 3793 1225 3871 quamvis
1246 3800 1310 3853 tum
1332 3814 1412 3867 sene·

398 3876 485 3934 ctutis
514 3896 604 3934 annos
633 3876 789 3949 ingressus.
832 3880 896 3935 Iam
924 3898 993 3937 vero
1010 3878 1065 3945 >ubi
1086 3878 1266 3955 quaerimus,
1297 3879 1412 3957 quando

396 3961 514 4017 tandem
536 3965 644 4018 certam
664 3967 889 4039 perpetuamque
910 3966 1007 4020 rerirm
1028 3981 1146 4019 suarum
1167 3963 1266 4021 sedem
1285 3961 1413 4023 Athenis

396 4044 593 4114 collocaverit,
615 4064 731 4119 prorsus
753 4046 929 4105 assentimur
948 4050 985 4104 A.
1006 4047 1218 4119 Boeckhio,
1246 4045 1299 4125 qui
1320 4066 1411 4126 quum

396 4128 465 4185 olim
492 4129 523 4185 in
552 4130 657 4186 Annal.
680 4130 783 4187 Litter.
803 4132 943 4189 Ienenss.
963 4151 988 4188 a.
1022 4134 1110 4187 1808.
1133 4131 1208 4189 Scid.
1235 4133 1412 4203 178.,.tum

394 4218 495 4285 postca
515 4213 698 4277 inPhilolao
719 4234 745 4288 p.
772 4218 818 4272 11.
841 4215 964 4289 Gorgiae
993 4234 1045 4289 per
1066 4214 1218 4273 Graeciam
1244 4214 1411 4291 perefflua·

394 4295 487 4353 tiones
514 4300 670 4373 usquead
702 4298 815 4374 Olymp.
839 4304 887 4356 94.
916 4299 1090 4373 pertinuisse
1118 4298 1284 4361 arbitratur.
1327 4298 1414 4373 0³80-

394 4382 538 4437 sententia
558 4381 729 4438 mirabiliter
750 4403 815 4439 cum
830 4392 929 4441 nostra
942 4383 1054 4441 ratione
1069 4383 1210 4456 congruit,
1232 4402 1413 4463 qumquam,
