3242 5259
549 603 605 661 AD
626 602 810 667 eoram
831 603 1036 664 PLATONIS.
1260 611 1300 664 63

279 771 409 829 demicae
430 770 558 830 familiae
579 773 760 832 adversarios
787 774 987 833 lubentissime
1007 774 1160 833 materiam
1187 775 1300 833 ridendi

279 861 309 914 et
331 857 531 914 calumniandi
558 857 626 915 inde
654 859 854 933 depromturos
882 860 980 917 trisse.
1023 860 1110 917 Nunc
1130 879 1200 919 vero
1228 861 1299 937 quid

277 942 399 1000 tandem
419 941 531 1001 factum
551 941 702 1002 videmus?
723 944 868 1002 Nimirum
888 949 987 1003 tacent
1007 963 1042 1000 ea
1059 946 1095 1002 de
1116 963 1148 1002 re
1163 947 1300 1022 aequales

280 1045 314 1084 ac
341 1031 499 1103 supparem
528 1032 627 1086 tacent
653 1028 738 1086 amici
766 1034 796 1088 et
823 1029 947 1100 inimici3
977 1034 1075 1087 tacent
1100 1029 1238 1088 Socratici
1266 1049 1300 1087 ac

278 1131 339 1168 non
361 1111 517 1183 Socratici3
547 1116 646 1171 tacent
672 1112 799 1190 denique
825 1113 922 1170 omnia
950 1114 1080 1185 saecula,
1108 1133 1202 1192 usque
1230 1115 1301 1172 dum

277 1197 399 1254 tandem
420 1197 477 1254 hao
497 1200 594 1255 aetate
612 1197 729 1273 sapiens
749 1197 829 1256 istud
849 1199 1003 1258 inventum
1030 1198 1153 1273 duplicis
1174 1199 1300 1258 Socratis

279 1281 446 1356 epistasiae,
469 1281 590 1340 alterius
604 1281 781 1353 temerariae,
804 1283 924 1342 alterius
938 1283 1175 1358 sapientissimae,
1189 1285 1300 1342 factum

279 1371 334 1438 est,
356 1385 415 1445 quc
432 1364 548 1425 'scilicet
567 1366 689 1425 historia
708 1386 785 1426 novo
798 1386 892 1445 eoque
907 1368 1124 1444 planeinsolito
1138 1375 1300 1427 commento

279 1451 518 1527 locupletaretur.
560 1451 706 1511 Nimirum
726 1452 893 1530 quicunque
913 1453 1009 1510 locum
1029 1453 1168 1525 Platonis,
1189 1455 1300 1532 dequo

280 1536 394 1610 agitur,
418 1535 482 1595 sine
501 1536 699 1612 praeiudicata
719 1537 853 1613 opinione
875 1537 1135 1610 consideraverint,
1162 1538 1199 1597 iis
1221 1544 1299 1597 certe

280 1625 417 1696 apertum
442 1621 506 1678 fore
533 1625 670 1696 putamus
697 1622 777 1699 loqui
805 1622 847 1680 ibi
875 1622 1022 1682 Socratem
1050 1623 1182 1682 consulto
1208 1625 1245 1680 de
1268 1643 1300 1680 re

279 1705 363 1779 gravi
383 1725 421 1763 ae
439 1705 517 1764 seria
535 1705 630 1764 iocose
652 1710 742 1783 atque
761 1706 891 1765 ridicule.
920 1705 1004 1769 Quod
1026 1707 1104 1766 enim
1124 1707 1172 1768 vir
1184 1709 1298 1784 sapien-

279 1791 414 1849 tissimus
441 1789 600 1849 deliberato
626 1791 736 1850 fecerat
765 1791 898 1863 consilio,
935 1797 970 1851 ut
997 1811 1036 1849 ne
1062 1792 1193 1851 iustitiae
1220 1793 1300 1867 leges

279 1875 476 1947 violarentur,
510 1875 540 1933 id
569 1874 670 1933 collide
697 1875 823 1934 facetam
849 1896 902 1951 per
927 1876 1050 1935 ironiam
1077 1877 1200 1936 inertiae
1229 1897 1300 1944 suae

279 1961 399 2032 tribuit,
414 1959 416 1963 ’
432 1979 472 2017 ne
500 1959 609 2019 scilicet
635 1960 739 2031 Polus,
768 1980 893 2039 quocum
920 1961 962 2019 ibi
991 1963 1180 2039 colloquitur,
1214 1982 1300 2038 parm

280 2046 425 2120 postulet,
455 2049 490 2104 ut
516 2044 625 2119 singuli
653 2045 805 2105 audientes
828 2046 1006 2105 sententiam
1033 2047 1068 2104 de
1090 2047 1126 2105 iis
1146 2049 1234 2106 rebus
1253 2067 1300 2104 ro-

280 2136 396 2203 gentur,
419 2149 495 2208 quae
514 2131 600 2187 modo
620 2130 786 2206 disputatae
807 2130 874 2190 sint
896 2130 963 2193 Qua
983 2131 1101 2209 quidem
1121 2132 1299 2191 facetissima
1381 2195 1385 2199 ⁴

279 2215 416 2273 irrisione
436 2215 638 2274 animadversa
665 2232 723 2292 quo
742 2215 858 2274 facilius
880 2234 979 2274 omnes
999 2217 1143 2276 tolluntur
1162 2217 1217 2274 loci
1238 2237 1299 2274 mo·

281 2301 383 2359 astas
406 2318 440 2358 ao
460 2299 656 2370 difficultates,
678 2304 762 2358 tanto
783 2301 875 2374 magis
897 2320 932 2359 ea
951 2301 1027 2359 ratio
1047 2321 1098 2377 pro
1118 2321 1189 2361 vera
1210 2321 1299 2376 agno-

280 2387 388 2443 scenda
408 2385 541 2456 videbar,
570 2387 605 2444 ut
631 2385 857 2462 haudquaquam
880 2387 916 2444 ad
944 2386 1050 2442 mirum
1078 2385 1158 2444 istud
1185 2388 1222 2444 de
1243 2388 1296 2444 du·

235 2496 238 2501 ⁴
279 2469 348 2546 plici
368 2469 500 2528 Socratis
514 2468 651 2544 epistasia
671 2475 865 2529 commentum
878 2470 1103 2544 confugiendum
1115 2470 1162 2529 sit.
1191 2471 1299 2528 Incidit

278 2555 370 2629 igitur
390 2554 568 2632 colloquium
588 2554 620 2611 in
633 2554 739 2628 Gorgia
751 2555 893 2626 habitum,
915 2555 977 2630 ipso
998 2555 1136 2630 scriptore
1150 2555 1297 2613 luculente

278 2643 417 2711 munte,
438 2639 473 2696 in
493 2638 607 2716 Olymp.
627 2643 683 2711 93,
712 2644 739 2697 4.
763 2659 803 2691 -.-.
826 2645 886 2697 405
910 2658 936 2696 a.
956 2639 1033 2710 cm,
1054 2639 1105 2718 qui
1124 2639 1183 2699 fuit
1203 2659 1297 2697 annus

280 2725 350 2784 belli
378 2724 583 2800 Peloponnesii
610 2724 822 2799 paenultimus,
858 2724 1048 2802 habitumque
1076 2724 1194 2783 videtur
1221 2744 1297 2782 anno

279 2811 418 2880 ineunte,
439 2809 540 2867 eodem
561 2809 622 2866 fere
642 2813 785 2884 tempore,
808 2829 865 2887 quo
886 2810 987 2868 Ranae
1007 2809 1212 2886 Aristophanis
1233 2815 1298 2868 acta

280 2901 338 2967 est,
368 2893 515 2972 siquidem
535 2912 610 2971 quae
638 2899 738 2970 postea
758 2894 874 2969 publice
902 2900 985 2968 geste
1011 2899 1095 2965 sunt,
1123 2901 1297 2971 eapropter

279 2985 454 3041 eventorum
481 2977 631 3038 tristitiam
659 2978 861 3038 vecidissimile
889 2980 1015 3038 reddunt
1047 2979 1218 3056 philosopho
1247 2999 1297 3055 po-

280 3066 388 3124 sterius
417 3069 533 3138 tempus
561 3064 598 3121 ob
627 3064 724 3122 oculos
752 3083 815 3123 esse
835 3070 992 3123 versatum
1043 3064 1100 3122 His
1128 3069 1228 3123 autem
1254 3065 1298 3123 ita

278 3151 382 3226 positia
403 3148 549 3226 sequitur,
571 3153 606 3206 ut
633 3148 722 3207 etiam
742 3149 952 3208 ostendendum
973 3149 1012 3208 sit
1033 3167 1099 3206 cum
1121 3168 1157 3207 ea
1183 3149 1297 3208 ratione

278 3235 394 3313 reliqua
413 3233 521 3305 omnia,
541 3251 617 3310 quae
639 3233 745 3291 eritius
762 3234 930 3309 scrupulum
942 3233 1113 3305 iniecerunt,
1134 3234 1215 3292 nullo
1235 3235 1296 3291 fere

246 3379 248 3384 ,
278 3320 398 3395 negotio
428 3317 573 3376 conciliari
602 3335 700 3393 posse,
729 3320 808 3396 quod
828 3319 927 3394 ipsum
945 3318 1105 3376 certissimo
1126 3324 1297 3392 argumento

280 3405 336 3464 erit
371 3417 532 3481 sanequam
558 3402 719 3478 probabilia
745 3423 810 3462 esse
840 3421 915 3481 quae
943 3404 979 3461 de
1011 3408 1141 3478 tempore
1169 3403 1298 3461 instituti

280 3489 423 3548 sermonis
450 3487 651 3546 iudicavimus.
700 3487 740 3545 Et
766 3487 893 3563 primum
927 3489 1044 3566 quidem
1071 3506 1149 3547 nunc
1178 3492 1298 3563 apparet

279 3573 525 3645 luculentissime,
548 3572 599 3650 qui
619 3571 683 3630 fieri
702 3573 844 3648 potuerit,
877 3576 912 3630 ut
938 3573 974 3631 iis
1007 3592 1080 3650 quos
1105 3592 1193 3648 supra
1223 3572 1298 3630 iudi·

280 3660 411 3720 cavimus
439 3657 511 3716 locis
536 3657 638 3716 ttrtura
657 3656 784 3716 Sanctis
804 3657 948 3716 mentatio
977 3657 1190 3732 significaretur
1214 3659 1298 3716 adeo-

280 3762 336 3822 que
355 3741 523 3802 oriminstio
551 3742 588 3800 de
615 3741 756 3802 iuvenum
781 3742 977 3818 con-optione,
1006 3761 1094 3821 quam
1115 3749 1296 3802 accusatores

278 3835 382 3906 postea
402 3827 515 3886 homini
534 3826 769 3885 innocentissimo
789 3827 970 3900 obiecerunt,
997 3847 1057 3886 non
1078 3830 1198 3887 obscure
1219 3848 1295 3887 com·

279 3917 501 3973 memoraretur.
528 3910 687 3972 Enimvero
700 3912 820 3986 gliscere
841 3930 911 3971 sane
929 3913 989 3973 iam
1002 3918 1066 3972 tum
1087 3914 1153 3972 odia
1166 3914 1198 3971 in
1211 3913 1295 3971 illum

230 4056 232 4064 ,
279 4001 438 4076 coeperant
457 3996 507 4058 vel
533 4001 699 4073 propterea,
729 3999 806 4075 quod
835 3997 885 4075 qui
912 3997 981 4055 olim
1006 3998 1069 4056 eius
1098 3999 1296 4057 familiaritate

278 4084 324 4144 nsi
344 4086 432 4144 arant
451 4081 484 4140 in
500 4081 649 4158 republica
669 4081 738 4139 olari
760 4100 793 4140 ac
810 4086 944 4157 potentes
963 4083 1147 4155 exstiterant,
1167 4083 1198 4141 id
1219 4084 1296 4161 quod

278 4169 424 4246 imprimis
440 4166 480 4226 de
500 4166 650 4225 Alcibiade
677 4166 721 4224 ita
747 4165 868 4225 iudicari
894 4172 1020 4244 oportet,
1049 4167 1101 4245 qui
1121 4173 1185 4227 tum
1204 4167 1294 4225 idem-

277 4255 370 4313 tidem
390 4251 494 4330 populi
508 4251 604 4325 gratia
615 4250 770 4324 exciderat,
790 4251 834 4310 ita
853 4257 889 4310 ut
909 4252 971 4310 eius
985 4251 1105 4310 consilia
1125 4251 1214 4311 etiam
1234 4272 1295 4310 ma-

279 4336 371 4414 aare
385 4341 578 4399 'verterentur
598 4336 742 4414 opprobio.
784 4337 905 4396 Habent
929 4336 1020 4409 igitur
1048 4336 1092 4394 illi
1112 4337 1167 4395 loci
1195 4356 1295 4396 omnes

277 4420 689 4502 hammonstedi-m
713 4419 799 4496 bago
828 4421 1099 4493 commodissimam,
1129 4422 1181 4500 qui
1210 4424 1296 4481 collo.
