3242 5259
501 616 683 678 GORGIAS.
705 617 738 675 P.
762 618 833 674 489.
857 619 927 673 490.
949 615 994 673 οιλ.
1017 614 1060 674 st.
1229 616 1287 671 221

275 781 353 856 τοὺς
374 781 401 844 δ’
422 784 592 863 ἄρχεσθαι,
621 778 674 843 καί
693 777 792 842 πλέον
814 774 895 860 ἔχειν
914 777 971 840 τὸν
991 780 1131 858 ἄρχοντα
1151 780 1217 840 τῶν
1237 776 1291 856 sip-

277 876 434 1001 χομὲνων.
461 888 558 942 τοῦτο
579 878 640 958 γάρ
661 900 716 959 μοι
735 877 840 950 δοκεῖς
861 876 1036 955 βούλεσθαι
1056 873 1159 955 λέγειν
1180 874 1293 936 -καί
1382 872 1388 882 ’

278 971 320 1040 οὐ
342 976 468 1060 ῥήματα
490 977 619 1057 θηρεύω
643 1013 695 1052 -a,
727 973 799 1036 είὸ
782 965 873 1046 orig
900 976 966 1034 rein
986 973 1111 1054 μυρίων
1131 973 1292 1053 κρείττων.

280 1076 386 1137 ΚΑΛ.
411 1065 512 1137 Ἀλλὰ
541 1067 635 1136 ταῦτ’
658 1069 743 1134 ἔστιν
769 1068 901 1151 ilipa.
923 1079 1019 1134 τοῦτο
1040 1070 1101 1151 γὰρ
1122 1066 1211 1152 οἶμαι
1230 1068 1293 1151 ἐγὼ

277 1175 315 1236 τὸ
330 1171 458 1235 δίκαιον
475 1166 557 1235 εἶναι
572 1172 674 1251 φύσειΊ
697 1191 733 1232 το
725 1162 862 1248 βελτίω
877 1171 956 1231 ὄντα
976 1166 1030 1230 καὶ
1050 1161 1294 1251 φρονιμώτερον

277 1267 333 1334 καὶ
353 1273 464 1351 ἄρχειν
482 1269 537 1333 καὶ
556 1263 692 1331 πλέον”
675 1288 756 1349 epea}
777 1269 843 1328 τῶν
864 1262 1082 1347 φαυλοτέρων.

345 1368 426 1456 Cap.
448 1368 554 1435 XLV.
598 1366 675 1428 Ere.
702 1361 775 1446 Ἔχε
801 1361 841 1445 δὴ
871 1357 983 1426 αὐτοῦ.
1012 1363 1043 1425 τί
1072 1383 1148 1425 ποτε
1169 1386 1211 1426 αν
1197 1356 1344 1428 νῦνΒ

278 1466 398 1550 λέγεις,·
419 1466 476 1531 ἐὰν
492 1466 584 1554 ἐντῷ
600 1463 687 1553 αὐτῷ
709 1458 803 1548 ὦμεν,
827 1464 929 1548 ὥςπερ
949 1471 1023 1541 νῦν,
1044 1466 1157 1529 πολλοὶ
1177 1464 1295 1546 ἁθρόοι

278 1570 466 1646 ἄνθρωποι,
498 1564 553 1630 καὶ
580 1564 659 1646 ἡμῖν
685 1560 707 1646 ᾖ
728 1563 763 1628 ἐν
783 1571 883 1644 κοινῷ
903 1564 1005 1628 πολλὰ
1025 1565 1109 1627 σιτία
1128 1562 1182 1628 καλ
1201 1563 1294 1635 ποιοί,

280 1653 368 1746 ὦμεν
388 1663 422 1726 δὲ
443 1662 654 1740 παντοδαποί,
676 1661 708 1726 ολ
726 1660 785 1744 μὲν
806 1663 940 1744 ἰσχυροί,
965 1661 998 1725 oi
1018 1661 1052 1726 δὲ
1073 1662 1228 1740 ἀσθενεῖς,
1251 1654 1296 1735 είς

280 1899 304 1933 ο.
322 1880 370 1932 20:
394 1879 440 1932 τὸν
464 1881 494 1932 δὲ
514 1879 593 1946 λόγον
615 1872 650 1930 αὖ
674 1876 708 1947 μὴ
731 1885 765 1947 τῷ
785 1876 880 1947 ῥήματι
894 1897 944 1941 pov
939 1881 1050 1930 ι.δι’ωκε
1084 1881 1165 1945 Atqui
1182 1879 1297 1965 retundit

280 1952 324 2000 his
346 1951 433 2000 verbis
450 1950 569 2008 Socrates
593 1932 800 1999 criminationem
819 1948 948 2010 Calliclis,
976 1949 1021 2014 qni
1039 1964 1097 1997 eum
1115 1945 1247 1998 dixerat’
1234 1965 1295 1998 ονο-

280 2036 346 2079 para
361 2015 520 2100 &operirem
533 2016 698 2101 Probabilius
721 2032 781 2082 ergo
799 2016 950 2066 Badham.
942 2034 970 2066 m
988 2016 1147 2066 Schneidew
1165 2016 1295 2081 Philolog.

279 2088 313 2136 X.
331 2102 355 2150 p.
375 2081 467 2136 729.
453 2081 559 2168 ρημάιιιι
576 2101 622 2150 pro
643 2081 741 2170 ρήμαια
758 2085 876 2135 coniecit.
911 2086 1021 2150 Respice
1038 2085 1125 2149 illnp.
1143 2081 1202 2134 489
1220 2085 1249 2133 Β.
1265 2083 1294 2133 (l.

333 2155 362 2203 B.
399 2152 510 2203 nolint
530 2148 670 2218 ἁθρόοι]
695 2149 793 2217 αθροοι
810 2152 862 2215 vel
884 2160 914 2202 ut
930 2154 1010 2219 vulgo
1028 2151 1162 2215 sorrbrtur
1185 2147 1293 2214 α’θρόοι,

280 2222 342 2286 quia
366 2221 394 2270 in
416 2219 491 2270 libris
514 2220 601 2270 sedem
625 2221 709 2270 variat
731 2226 757 2270 et
778 2221 805 2269 in
823 2221 892 2271 Flor.
911 2238 935 2270 x.
960 2222 1083 2272 omissum
1107 2227 1159 2284 est,
1180 2220 1212 2270 ab
1231 2219 1296 2269 Her·

280 2296 424 2340 mannent
442 2293 589 2354 suspectum
606 2289 682 2354 uncis
700 2294 810 2340 notatur.

282 2507 379 2542 omnes.
416 2490 492 2552 Quod
515 2506 548 2539 ne
570 2491 628 2555 quie
651 2491 679 2539 in
698 2486 765 2553 πρὸς
816 2489 934 2539 ciborum
960 2491 1034 2554 copia
1055 2489 1083 2538 in
1106 2504 1187 2538 unum
1208 2488 1296 2538 locum

283 2557 328 2619 ἐμὲ
356 2558 509 2609 mutandum
539 2560 674 2608 arbitretur
705 2574 765 2608 cum
816 2561 984 2621 congeratur,
1019 2572 1084 2621 quae
1115 2558 1182 2606 inter
1209 2556 1296 2621 plures

283 2627 500 2688 Heindorfio,
540 2625 680 2691 prohibent
712 2626 765 2675 loci
816 2624 995 2675 distribuenda
1008 2627 1050 2686 sit,
1060 2625 1114 2687 ille,
1124 2627 1170 2689 qui
1181 2627 1296 2675 ciborum

282 2695 402 2759 plurimi,
414 2695 454 2744 in
477 2695 571 2759 quibus
592 2693 654 2744 libri
676 2709 765 2744 omnes
816 2699 935 2742 naturam
947 2694 1042 2758 optime
1053 2696 1183 2758 cognitam
1194 2692 1297 2755 habeat,

282 2762 432 2812 encliticam
466 2763 625 2827 pronominis
656 2763 765 2812 formam
817 2762 894 2812 etiem
906 2763 1047 2811 maximam
1057 2761 1117 2810 indo
1130 2763 1230 2811 auferat
1247 2762 1298 2811 sibi

282 2838 342 2895 post
351 2831 555 2896 praepositiones
571 2830 688 2880 unanimi
706 2845 766 2881 con-

284 2913 363 2948 sensu
398 2904 517 2961 tuentur,
551 2897 633 2947 veluti
661 2899 766 2948 Menon.

283 2982 308 3030 p.
333 2963 374 3016 79.
398 2967 425 3014 B.
459 2967 592 3031 Protagor.
614 2982 638 3031 p.
658 2963 716 3017 335.
734 2966 767 3016 A.

284 3033 416 3083 Charmid.
440 3031 546 3098 p.-153.
566 3035 595 3084 B.
626 3033 700 3083 Gonf.
724 3034 766 3084 Ia·

285 3101 372 3151 coba.
389 3100 422 3150 ad
440 3100 580 3166 Antholog.
598 3100 680 3150 Palat.
698 3102 729 3150 T.
745 3101 765 3154 I.

285 3185 311 3234 p.
327 3169 439 3221 XXXII.
469 3169 655 3219 Buttmann.
678 3169 768 3219 Gram-

285 3244 346 3319 mat
364 3237 441 3301 ampl.
459 3237 482 3298 ἕ.
502 3234 541 3288 72.
560 3237 623 3290 Obs
641 3234 665 3287 3.
682 3242 735 3287 not.

319 3303 368 3354 ὅτι
411 3302 448 3353 ον
484 3300 584 3371 aritio
619 3300 767 3365 ὀνόματα

285 3369 404 3438 λέγεις]
423 3379 453 3422 te
470 3373 577 3437 ipsum
594 3387 718 3438 semper
734 3374 768 3421 in

285 3439 399 3491 verbis
421 3439 558 3490 haerere
581 3455 684 3505 neque
705 3457 768 3490 rem

285 3506 466 3572 explicare.
501 3508 623 3573 Spectant
647 3508 713 3558 haec
735 3507 768 3558 ad

284 3575 354 3695 pipo
388 3574 505 3625 Calliclis
544 3574 709 3641 opprobrium
744 3592 769 3641 p.

320 3708 488 3761 Πολλάκις
517 3706 580 3775 ἄρα
608 3705 658 3763 εἷς
688 3727 768 3774 (ppo-

286 3776 428 3906 titel
446 3779 770 3912 {litttstiipitl

286 3914 389 3974 lentur,
412 3913 595 3979 intelligendos
619 3930 675 3964 esse
701 3929 769 3978 pru·

287 3981 477 4043 dentioree,
510 3981 628 4032 Socrates
658 3999 690 4031 ne
719 3981 769 4031 hoo

286 4049 393 4114 quidem
426 4064 487 4099 cum
518 4050 564 4111 iis,
599 4064 665 4130 qnae
693 4065 770 4114 supra

286 4119 419 4198 disputata
435 4118 500 4177 sint,
522 4117 661 4168 convenire
678 4117 770 4167 docere

286 4185 411 4237 instituit.
445 4185 511 4234 Nam
538 4186 562 4234 si
583 4185 770 4251 prudentiores,

288 4253 388 4317 inquit,
411 4252 444 4302 iis
466 4259 574 4301 utuntur
596 4253 671 4302 bonis
693 4258 770 4317 etque

287 4319 399 4380 iuribus,
416 4319 511 4383 quibus
528 4326 564 4381 tu,
583 4320 700 4378 Callicle,
718 4338 770 4370 me·

287 4389 366 4438 liores
392 4384 521 4436 ornandos
548 4403 604 4438 esse
630 4390 770 4450 arbitraris,

287 4461 381 4522 sponte
396 4457 569 4519 consequitur,
583 4463 618 4518 ut,
634 4472 656 4506 ει
649 4456 770 4520 quando

489 4664 500 4723 l

816 2830 974 2895 portionem,
1000 2829 1119 2894 quamvis
1141 2846 1172 2880 ea
1192 2830 1298 2879 minime

816 2897 940 2963 indigeat.
974 2898 1071 2948 Eadem
1087 2899 1153 2948 ratio
1171 2903 1298 2948 sartorum

817 2967 866 3015 erit
887 2971 964 3029 atque
982 2973 1105 3015 sutorum.
1146 2967 1198 3028 Qui
1219 2982 1300 3031 qnon-

817 3034 868 3083 iam
898 3034 1009 3083 vestium
1037 3033 1234 3098 oalceorumque
1262 3035 1299 3084 fa-

818 3102 967 3151 ciendorum
990 3102 1140 3166 peritissimi
1164 3101 1299 3164 habentur,

818 3186 852 3220 ex
874 3177 919 3219 tua
941 3169 1071 3219 sententia
1093 3169 1144 3219 hoc
1167 3171 1231 3220 iuris
1249 3170 1298 3220 eibi

818 3237 952 3288 vindicare
991 3243 1124 3300 potenmt,
1167 3244 1197 3287 ut
1235 3238 1299 3301 ipsis

818 3305 1019 3370 pretiosissimae
1044 3309 1128 3353 vestes
1145 3305 1299 3355 tribuantur.

854 3375 882 3423 P.
908 3370 966 3423 490.
1014 3371 1075 3436 Cap
1105 3372 1184 3421 XLV.
1229 3369 1299 3435 Ἔχε

822 3438 857 3506 δὴ
881 3438 996 3505 αὐτοῦ]
1025 3439 1099 3489 conf
1118 3444 1205 3489 annot.
1225 3439 1298 3504 adp.

819 3507 878 3559 460.
896 3509 927 3559 Α.

854 3577 883 3626 Β.
936 3575 1049 3623 πολλοί
1089 3570 1212 3636 ἁθρόοι
1250 3571 1299 3623 ἇν-

820 3641 966 3725 θρωκρι]
991 3643 1070 3691 Recte
1092 3644 1120 3691 in
1144 3642 1200 3692 cod.
1218 3643 1300 3692 Paris.

820 3711 853 3760 ad
876 3727 899 3759 v.
924 3706 1022 3773 ἁθρόοι
1039 3710 1154 3760 additur:
1178 3706 1236 3760 α’ντλ
1255 3715 1301 3759 τοῦ

820 3775 896 3838 ομοῦ.
928 3778 1139 3863 Saepenumero
1173 3779 1211 3828 sic
1245 3780 1301 3828 iun·

820 3851 917 3913 guntur
944 3845 1032 3895 κολλοὶ
1059 3842 1170 3910 ἁθρόοι,
1203 3846 1301 3896 multi

822 3915 936 3964 simul:
955 3929 1021 3978 quae
1034 3914 1144 3964 formula
1158 3914 1299 3964 cavendnm

821 3988 861 4032 est
882 3999 916 4032 ne
938 3982 1098 4047 pleonastica
1114 3981 1240 4032 habeatur
1256 3988 1302 4032 aut

821 4052 889 4101 inter
911 4065 1046 4100 numerum
1064 4066 1164 4113 eorum,
1187 4065 1254 4114 quae
1272 4049 1302 4101 ἐκ

822 4114 985 4182 παραλλήλου
999 4117 1067 4167 dicta
1084 4124 1153 4179 sunt,
1170 4119 1301 4168 referatur.

823 4186 897 4235 Conf.
925 4186 965 4233 De
993 4185 1055 4249 Rep.
1080 4183 1254 4250 V1.p.492.
1270 4187 1300 4236 Β.

822 4253 889 4305 Tim.
907 4268 932 4317 p
949 4200 1047 4303 521).Ρ
1061 4252 1224 4303 Demosth.
1243 4253 1302 4304 adv.

822 4321 883 4371 Mid.
903 4336 927 4383 p.
945 4317 1003 4369 557.
1021 4319 1059 4368 ed.
1073 4321 1173 4370 Reiskn
1193 4322 1302 4375 nollens
1408 4302 1410 4305 .

822 4385 943 4450 ἁθρόους
972 4383 1046 4448 υμῶν
1070 4385 1122 4448 ἅμα
1149 4387 1200 4456 ἐλᾷ.
1235 4389 1301 4441 Ibid.

821 4473 845 4522 p.
857 4454 920 4507 558.
939 4453 986 4504 τὸν
997 4454 1027 4505 δὲ
1041 4451 1171 4509 τοσούτοις
1179 4440 1301 4522 ἁθρόοις
