3242 5259
386 615 425 669 30
745 609 1045 671 Paomeennnn

383 777 483 853 procul
503 778 572 836 hinc
603 778 718 840 habites
745 798 799 836 100
826 779 910 838 110110
930 779 1023 854 possis
1051 779 1100 838 vel
1129 781 1166 836 ab
1187 777 1400 853 improbissimo

384 882 499 940 quoque
519 863 551 920 in
570 863 710 921 iudicium
730 864 808 939 rapi!
832 865 907 922 Tum
928 865 1074 922 Socrates:
1098 864 1166 937 Ego
1187 882 1256 922 vero
1278 863 1399 921 insanus

383 948 446 1019 sim,
468 948 596 1019 Callicle,
626 949 683 1006 nisi
709 949 874 1008 existimem
893 950 925 1006 in
946 950 1002 1006 hac
1022 947 1140 1008 civitate
1170 948 1302 1025 quemvis
1323 949 1400 1024 peri-

384 1032 456 1090 eulis
478 1033 570 1091 omnis
591 1033 705 1107 generis
726 1053 790 1092 esse
811 1034 984 1110 expositum.
1013 1034 1093 1091 Illud
1113 1037 1211 1091 tamen
1232 1038 1311 1092 00110
1332 1034 1400 1105 1010,

384 1117 408 1174 11
428 1117 579 1175 iniudicii
606 1118 760 1177 discrimen
788 1120 928 1191 adducar,
957 1119 1120 1194 improbum
1147 1118 1209 1176 1010
1237 1138 1318 1189 eum,
1349 1118 1401 1196 qui

383 1221 429 1259 me
450 1202 520 1260 illuc
541 1204 715 1262 deducturus
737 1204 789 1262 sit:
812 1223 897 1262 nemo
919 1203 997 1261 enim
1017 1205 1124 1279 probus
1144 1209 1175 1261 et
1193 1204 1333 1260 honestus
1353 1203 1401 1262 vir

382 1287 567 1346 innocentem
586 1288 618 1345 in
639 1289 697 1346 tale
718 1288 879 1364 periculum
901 1288 1041 1346 coniiciat.
1077 1286 1260 1364 Quamquam
1280 1287 1400 1346 minime

383 1372 546 1430 mirandum
568 1373 637 1443 erit,
667 1372 693 1431 si
720 1373 807 1432 morti
828 1372 953 1431 obiiciar.
996 1371 1131 1430 Arbitror
1158 1372 1236 1429 enim
1263 1392 1310 1430 me
1337 1373 1400 1430 fere

383 1458 477 1515 solum
498 1457 574 1516 inter
592 1457 789 1516 Athenienses
810 1477 911 1517 veram
932 1457 1003 1515 artis
1025 1457 1118 1516 civilis
1135 1457 1278 1516 rationem
1299 1463 1401 1517 tenere

383 1547 471 1618 atque
495 1542 586 1600 colere
616 1542 654 1617 (p.
679 1547 747 1600 521.
770 1541 827 1616 D.).
870 1541 1014 1604 Quoniam
1043 1547 1141 1599 autem
1169 1534 1227 1599 non
1249 1542 1292 1612 id,
1322 1545 1400 1620 quod

382 1626 542 1684 iucundum
563 1630 623 1699 est,
645 1627 695 1686 sed
716 1627 800 1684 unice
822 1626 909 1697 illud,
939 1629 1016 1705 quod
1037 1627 1178 1702 optimum
1199 1627 1329 1699 videtur,
1353 1648 1399 1685 sc-

383 1711 456 1769 ctari
484 1712 561 1769 soleo
584 1712 707 1789 ideoque
728 1711 871 1769 lenocinia
890 1711 942 1770 illa
970 1717 1000 1770 et
1021 1711 1150 1782 delicias,
1180 1712 1286 1789 quibus
1309 1713 1399 1786 vulgo

382 1797 576 1855 Athenienses
598 1796 759 1872 capiuntur,
780 1797 865 1854 nihili
888 1797 1017 1868 aestimo,
1039 1816 1109 1854 sane
1129 1816 1189 1854 non
1207 1798 1320 1856 habebo
1342 1817 1400 1874 quo

382 1901 429 1938 me
449 1881 481 1939 iu
501 1881 606 1939 indicio
636 1883 796 1939 defendam.
840 1882 943 1959 Neque
972 1881 1050 1940 enim
1077 1883 1243 1957 voluptates
1272 1883 1399 1941 1011011-

383 1965 450 2042 cias,
472 1986 544 2043 quas
564 1965 602 2023 iis
616 1966 849 2042 comparaverim,
872 1986 1091 2025 commemorare
1110 1971 1220 2042 potero,
1243 1972 1274 2024 et
1295 1967 1320 2025 si
1333 1968 1400 2045 quis

382 2070 429 2108 me
450 2051 527 2110 dicat
548 2051 669 2110 iuvenes
697 2051 740 2109 ita
767 2071 966 2126 corrumpere,
994 2057 1030 2111 ut
1057 2051 1237 2110 sermonibus
1265 2052 1338 2109 meis
1367 2053 1399 2110 in

382 2155 524 2193 summam
553 2136 721 2210 redigantur
749 2136 861 2195 consilii
895 2136 1037 2211 inopiam,
1071 2138 1120 2196 vel
1147 2137 1225 2195 viros
1253 2155 1287 2193 10
1315 2157 1400 2195 senes

369 2222 484 2278 'acerbe
504 2222 715 2296 reprehendere
736 2226 767 2280 et
788 2221 943 2294 castigare,
973 2221 1163 2280 haecomnia
1190 2221 1340 2281 verissime
1362 2223 1399 2280 dc

382 2324 428 2363 me
451 2305 614 2366 (1101111011
635 2307 753 2365 debebo.
788 2307 988 2382 Respondenti
1010 2312 1108 2365 autem
1129 2305 1240 2364 Callicli
1261 2306 1400 2364 miserum

382 2389 438 2448 sibi
458 2390 551 2449 videri
573 2411 647 2462 eum,
670 2391 721 2469 qui
742 2410 838 2469 neque
859 2391 914 2449 sibi
937 2411 1031 2469 neque
1053 2391 1118 2450 aliis
1140 2391 1276 2449 auxiliari
1297 2392 1399 2466 possit,

381 2475 454 2533 haec
474 2476 602 2552 reponit:
634 2476 709 2533 Mihi
738 2476 856 2554 quidem
883 2475 909 2534 is
937 2476 1055 2534 minime
1084 2477 1202 2535 videtur
1230 2472 1318 2534 miser
1345 2478 1399 2533 ha-

382 2561 508 2632 bendus,
546 2561 597 2638 qui
624 2580 717 2638 neque
748 2563 887 2621 adversus
916 2561 1048 2619 homines
1075 2581 1129 2619 nec
1162 2563 1300 2620 adversus
1328 2563 1399 2619 deos

381 2644 484 2704 iniusti
513 2645 583 2722 quid
611 2646 719 2704 dixerit
746 2666 876 2725 unquam
904 2639 958 2705 'aut
978 2646 1203 2722 perpetraverit3
1233 2651 1320 2723 atque
1341 2647 1398 2703 hoc

384 2729 429 2786 aio
450 2729 731 2805 praestantissimum
752 2751 816 2790 esse
837 2730 988 2802 auxilium,
1018 2732 1095 2809 quod
1117 2724 1183 2808 quis
1205 2731 1321 2790 sibimet
1340 2731 1399 2806 ipsi

382 2813 458 2871 10110
479 2819 581 2892 queat,
610 2818 645 2873 ut
665 2815 747 2873 nulla
766 2815 906 2891 pallescat
926 2817 1019 2891 culpa.
1062 2816 1154 2874 Nemo
1176 2815 1254 2874 enim
1282 2816 1399 2890 sapiens

382 2903 504 2957 mortem
526 2899 702 2969 reformidat,
730 2900 841 2958 iniusta
862 2904 959 2958 autem
979 2900 1108 2959 facinora
1128 2900 1305 2972 reformidat,
1327 2919 1399 2978 quo-

381 3003 447 3041 rum
475 3003 598 3058 poenam
628 2984 710 3043 novit
738 2985 827 3043 etiam
855 2991 921 3060 post
948 2991 1070 3044 mortem
1104 2985 1222 3044 instare,
1281 2983 1396 3061 Quippe

382 3086 528 3126 summum
548 3068 677 3126 omnium
697 3070 839 3128 malorum
865 3076 910 3128 est
930 3070 1033 3127 animo·
1047 3070 1128 3129 vitiis
1148 3071 1259 3146 repleto
1288 3071 1325 3128 ad
1353 3070 1397 3128 in·

381 3153 457 3211 feros
486 3153 617 3228 migrare.
667 3155 712 3212 Dc
738 3175 798 3233 qua
826 3175 857 3213 10
887 3155 955 3212 audi
981 3155 1191 3225 narrationem,
1226 3173 1315 3233 quam
1342 3156 1399 3215 etsi

381 3238 510 3296 fabulam
531 3258 594 3298 esse
615 3239 740 3318 putabis,
762 3245 860 3299 tamen
881 3240 953 3299 scito
974 3260 1038 3298 0110
1058 3239 1247 3300 verissimam.
1269 3242 1302 3298 P.
1328 3245 1398 3299 521.

443 3409 568 3468 Animus
590 3409 681 3481 enim,
712 3429 802 3486 quum
829 3414 1039 3483 postmortem
1068 3410 1104 3465 ad
1126 3409 1233 3467 inferos
1255 3407 1398 3479 discessit,
1452 3417 1455 3421 ’

381 3494 476 3551 nudus
497 3494 538 3552 ibi
559 3494 717 3565 iudicatur,
738 3498 773 3551 ut
793 3493 869 3551 nihil
889 3493 981 3569 possit
1002 3493 1156 3568 impedire,
1177 3493 1332 3570 quominus
1353 3493 1398 3550 iu-

382 3577 547 3636 dicessum
575 3580 660 3654 plane
689 3584 877 3652 cognoscant.¹
912 3579 988 3636 Nam
1011 3577 1100 3635 animi
1129 3597 1146 3634 a
1174 3578 1330 3637 sceleribus
1365 3579 1397 3635 in

381 3662 436 3719 hac
456 3662 520 3721 vita
541 3662 699 3721 commissis
726 3662 824 3720 ulcera
852 3667 882 3721 et
909 3662 1018 3723 vibices
1047 3663 1231 3721 contrahunt.
1281 3663 1396 3721 Iudices

381 3751 494 3819 autem,
525 3748 654 3804 ulcerum
682 3751 787 3806 natura
810 3752 943 3806 accurate
971 3747 1099 3822 cognita,
1128 3747 1273 3819 iudicant,
1296 3753 1397 3806 utrum

381 3831 470 3889 animi
491 3831 551 3891 sint
571 3832 714 3891 sanabiles
735 3851 835 3890 necne.
870 3833 911 3891 Et
931 3833 1074 3891 sanabiles
1095 3833 1212 3911 quidem
1232 3831 1397 3908 puniuntur

378 3916 537 3995 poenisque
567 3916 749 3991 corriguntur
777 3935 810 3973 ac
838 3923 985 3976 sanantur.
1028 3918 1209 3976 Insanabiles
1237 3923 1336 3975 autem
1364 3917 1396 3974 in

380 4006 530 4062 aeternum
559 4000 822 4061 vehementissimis
857 4002 1031 4065 eruciatibus
1065 4008 1252 4080 torquentur,
1289 4003 1396 4080 quibus

277 4142 279 4147 .
378 4086 434 4162 ipsi
448 4089 560 4146 nullam
574 4087 732 4147 utilitatem
753 4086 923 4161 percipiunt,
946 4088 996 4146 sed
1011 4087 1075 4145 aliis
1094 4087 1127 4144 in
1141 4087 1309 4162 exemplum
1330 4107 1395 4163 pro-

221 4431 294 4509 κ

378 4178 534 4246 ponuntur.
578 4171 636 4234 Qui
656 4191 725 4231 vcro
748 4171 840 4228 omnis
864 4172 937 4230 labis
960 4177 1094 4248 expertes
1120 4177 1298 4243 manserunt,
1321 4172 1342 4229 ii
1364 4172 1396 4229 in

379 4256 488 4316 insulas
510 4262 662 4317 beatorum
682 4257 809 4332 migrant
837 4256 935 4334 ibique
963 4260 1082 4316 beatum
1111 4262 1142 4317 01
1161 4258 1323 4315 immortale
1345 4257 1395 4314 de·

379 4347 452 4414 gunt
474 4363 585 4403 aevum.
607 4345 639 4401 P.
663 4347 731 4401 523.
754 4344 791 4399 A.
813 4373 856 4382 --
878 4346 947 4399 526.
970 4343 1000 4400 O.

441 4427 504 4501 Ego
532 4428 636 4501 igitur,
666 4448 683 4485 0
705 4426 837 4498 Callicle,
867 4446 959 4506 quum
987 4427 1032 4484 his
1060 4426 1277 4486 narrationibus
1304 4425 1394 4486 fidem
