3242 5259
327 601 384 658 τις
641 553 644 558 ’
737 597 933 658 cinnomo

276 765 306 834 Ε
328 783 434 839 coreo,
456 758 557 841 ὥςπερ
576 765 640 824 νῦν
660 758 699 843 δὴ
721 757 844 843 ἔλεγον·
867 759 1045 842 οὐδὲνγὰρ
1066 763 1172 826 ποιεῖν
1193 747 1242 826 ὧν
1262 761 1334 842 βού-

277 943 278 946 ,
329 865 453 936 λονται,
483 859 526 934 ὡς
552 855 627 934 ἔπος
655 860 769 923 εἰπεῖν·
797 866 904 925 ποιεῖν
930 857 1039 942 μέντοι
1068 852 1087 922 ὅ
1115 881 1147 923 τι
1165 857 1208 922 ἂν
1229 860 1335 934 αὐτοῖς

329 957 405 1041 δόξῃ
434 953 597 1040 βέλτιστον
626 951 716 1021 εἶναι.
768 961 879 1023 ΠΩΛ.
925 958 1057 1022 Οὐκοῦν
1083 957 1179 1020 τοῦτό
1209 954 1274 1021 ἐστι
1302 957 1336 1020 τὸ

329 1053 410 1139 μέγα
430 1056 608 1132 δύνασθαι
638 1059 715 1119 ΣΩ.
747 1058 824 1140 Οὐχ,
847 1052 891 1131 ὥς
909 1054 945 1137 γε’
966 1073 1044 1138 φησι
1066 1057 1191 1129 Πῶλος.
1229 1056 1336 1117 rista.

319 1149 408 1235 ,Ἐγὼ
438 1158 478 1219 οὔ
507 1177 606 1237 φημι;
638 1153 720 1237 φημὶ
747 1153 805 1237 μὲν
832 1149 894 1218 οὖν
922 1150 1029 1236 ἔγωγε.
1072 1155 1149 1215 Est.
1190 1151 1253 1214 Μὰ
1272 1153 1335 1226 τόν,

282 1324 284 1330 ,
330 1253 370 1316 οὐ
401 1252 442 1315 σύ
470 1273 523 1334 γε,
556 1249 621 1315 ἐπεὶ
648 1252 685 1315 τὸ
712 1251 792 1334 μέγα
820 1252 982 1316 δύνασθαι
1010 1247 1089 1334 ἔφης
1108 1251 1238 1330 ἀγαθὸν
1258 1243 1337 1313 εἶναι

330 1359 374 1432 τῷ
404 1350 582 1434 δυναμένῳ.
626 1352 738 1412 ΠΩΛ.
779 1349 868 1432 Φημὶ
894 1350 957 1432 γὰρ
978 1343 1047 1412 οὖν.
1088 1352 1164 1412 ΣΩ.
1202 1348 1336 1431 Ἀγαθὸν

332 1442 393 1513 οὖν
421 1449 480 1513 οἴει
509 1442 607 1524 εἶναι,
640 1445 696 1511 ἐάν
722 1469 769 1522 τις
796 1457 874 1531 ποιῇ
902 1452 1018 1522 ταῦτα,
1047 1440 1130 1510 ἃᾶν
1150 1447 1233 1530 δοκῇ
1255 1447 1336 1527 αὐτῷ

332 1545 477 1628 βέλτιστα
506 1541 605 1624 εἶναι,
631 1553 716 1625 νοῦν
743 1543 793 1628 μὴ
807 1542 902 1628 ἔχωνς
937 1545 990 1610 καὶ
1017 1555 1112 1610 τοῦτο
1132 1551 1241 1620 καλεῖς
1262 1543 1336 1628 μέγα

332 1645 509 1721 (intrandam
532 1647 640 1707 ΠΩΛ.
666 1645 736 1708 Οὐκ
755 1640 864 1725 ἔγωγε.
905 1646 982 1707 Est.
1015 1645 1146 1708 Οὐκοῦν
1166 1643 1337 1721 ἀποδείξας

261 1831 264 1842 Ι
331 1742 407 1817 τοὺς
435 1741 571 1825 ῥήτορας
599 1752 695 1832 νοῦνι
710 1742 840 1824 ἔχοντας
865 1743 919 1807 καὶ
946 1740 1059 1827 τέχνην
1077 1739 1137 1825 τὴν
1157 1741 1335 1826 ῥητορικήν,

383 1929 413 1978 Ε.
435 1925 569 1979 Οὐκοῦν
587 1926 689 1995 τοῦτο]
715 1928 804 1978 Herm.
832 1925 887 1980 Οὐκ
904 1919 962 1989 οὖν,
985 1929 1046 1994 quis
1067 1929 1192 1996 negative
1207 1929 1336 1996 responsio

333 1996 447 2062 disiungi
462 1997 602 2063 particulas
619 1996 739 2063 postulet.

320 2092 323 2099 '
370 2089 399 2140 M
405 2085 421 2139 ἁ
441 2086 475 2208 ἷό
483 2108 509 2149 ν,
529 2086 568 2139 οὐ
586 2086 625 2140 ού
642 2087 685 2156 γε]
710 2090 768 2139 Bos.
787 2087 810 2139 1.
828 2088 853 2140 2.
871 2086 905 2151 μὰ
924 2086 969 2139 τὸν
986 2085 1043 2141 Δί’.
1060 2089 1133 2140 scob.
1150 2087 1186 2152 μὰ
1203 2086 1251 2142 τὸν
1268 2078 1337 2140 κύνα.

333 2174 358 2208 v.
376 2174 461 2208 anno.

375 2253 413 2335 ΙΡ.
430 2249 488 2303 467.
512 2246 605 2316 ἅγαθ.
624 2255 719 2301 τοῦτο
737 2249 830 2318 κεπτ]
847 2252 955 2317 Aliquot
972 2251 1046 2303 codd.
1060 2259 1087 2303 et
1098 2251 1187 2305 Clark.
1206 2267 1223 2302 a
1240 2268 1275 2302 m.
1291 2265 1337 2302 sec.

335 2337 442 2372 τουτων.

385 2402 418 2453 el
439 2399 477 2470 δὴ
501 2400 645 2464 δύναμίς
668 2402 766 2470 ἐστιν]
802 2403 846 2453 Sic
869 2402 940 2453 stab.
963 2408 989 2455 et
1011 2405 1080 2455 Flor.
1102 2421 1128 2455 x.
1150 2405 1275 2455 Ficinus:
1303 2405 1339 2454 si·

335 2472 464 2536 quidem
480 2473 667 2536 potentiam
684 2472 806 2522 hebere
824 2477 874 2522 est
889 2473 1014 2522 bonum.
1046 2473 1131 2539 Vulgo
1150 2469 1167 2537 ἡ
1186 2471 1216 2524 δὲ
1235 2470 1338 2533 δύναμις

335 2557 358 2589 κ.
377 2559 395 2589 τ.
414 2542 447 2599 λ.,
478 2539 546 2605 quod
568 2541 659 2590 merito
682 2539 838 2606 improbavit
859 2540 1032 2591 Heindorfiue.
1071 2542 1231 2592 Buttmanno
1258 2547 1339 2591 tamen

335 2608 442 2674 vulgata
465 2610 546 2659 oratio
570 2614 639 2659 recte
662 2609 799 2659 videbatur
821 2609 972 2673 procedere,
999 2616 1075 2674 atque
1105 2608 1215 2661 eandem
1232 2609 1342 2661 defendit

369 2778 400 2826 E.
430 2773 532 2827 οὐδὲν
558 2774 620 2843 γὰρ
646 2784 756 2832 ποιεῖν
779 2804 812 2814 -
864 2773 1135 2843 κεῖσθαιῆἆδικεῐν;
1164 2775 1219 2828 ΣΩ.
1239 2778 1290 2828 Καὶ
1310 2773 1339 2827 ed

337 2840 377 2897 ὥς
396 2845 473 2897 ἔπος
491 2843 617 2911 εἰπεῖν]
636 2862 708 2896 nam
725 2845 812 2911 nihil
863 2841 886 2910 γ’
904 2842 938 2894 dv
955 2845 997 2895 καὶ
1015 2845 1043 2896 ol
1060 2843 1128 2896 ἄλλοι
1145 2843 1250 2900 πάντες.

336 2913 568 2978 propemodum
596 2928 649 2963 eos
672 2914 814 2965 dioofn-
902 2910 1033 2964 Οὐκοῦν
1072 2911 1271 2978 ἀποδείξεις
1309 2926 1340 2950 ’-

337 2996 409 3032 cere
426 2986 474 3032 ete.
865 2978 920 3042 ἐμὲ
944 2979 1135 3049 ἐξελέγξας]
1159 2983 1193 3032 Η.
1218 3000 1240 3034 e.
1258 2984 1341 3049 Ergo

864 3050 1110 3102 demonstrabis
1138 3058 1273 3102 mentem
1294 3051 1342 3101 ha-

372 3115 423 3165 Md
442 3113 509 3174 τόν,
528 3111 567 3165 od
586 3113 623 3166 ού
639 3115 681 3183 γε]
700 3117 739 3166 De
757 3115 814 3166 elli·
864 3118 940 3167 bere
957 3125 1105 3169 oratores
1129 3119 1156 3182 (i.
1174 3135 1197 3170 e.
1216 3120 1341 3170 demon·

337 3185 408 3249 ptiea
424 3184 473 3234 hac
489 3183 592 3234 iurandi
608 3184 720 3235 formula
736 3201 760 3234 v.
774 3186 814 3234 in·
865 3188 959 3251 stre),
982 3188 1038 3237 ubi
1054 3203 1099 3238 me
1116 3187 1341 3255 redargueris.

338 3258 417 3317 terpp.
427 3251 459 3302 ad
471 3253 600 3318 Aristoph.
610 3254 692 3303 Renn.
702 3269 726 3306 ν.
739 3251 813 3304 1241.
859 3255 927 3304 'Post
950 3249 1012 3305 ἀλλὰ
1033 3254 1068 3340 μὴ
1091 3256 1231 3306 κολακείαν
1247 3257 1342 3307 Hein-

338 3321 370 3371 ed
388 3322 492 3387 Gregor.
511 3321 627 3372 Corinth.
643 3323 683 3370 De
700 3320 812 3371 Dialect.
864 3322 993 3372 dorfius
1011 3339 1096 3374 ουσαν
1115 3323 1244 3375 excidisse
1261 3325 1341 3390 suspi-

337 3405 362 3454 p.
391 3387 448 3441 150.
487 3389 678 3441 Scholiasta
715 3390 813 3449 Aristo·
863 3389 975 3440 orbatur.
1004 3392 1063 3443 Non
1079 3391 1164 3442 credo.
1191 3393 1259 3444 Nam
1275 3400 1341 3443 recte

337 3457 431 3523 phanis
453 3457 487 3506 od
507 3458 590 3508 Rsnn.
613 3473 637 3506 v.
662 3455 743 3508 1421:
773 3453 813 3518 μὰ
863 3458 958 3509 dicitur
991 3458 1038 3524 τήν
1071 3456 1213 3527 ῥητορικὴν
1238 3457 1340 3511 duodet-

339 3523 409 3575 τόν·
444 3523 602 3578 ἐλλειπτικῶς
629 3521 736 3586 ὀμνύει,
769 3525 812 3575 καὶ
864 3524 1064 3593 κνύναιτέχνην,
1083 3527 1261 3581 ostendere
1278 3529 1341 3579 rhe-

337 3592 420 3646 οὕτως
430 3593 493 3646 ἔθος
505 3592 577 3644 ἐστὶν
590 3589 715 3659 ἀρχαίοις,
731 3591 814 3643 ἐνίοτε
865 3600 895 3644 to
904 3597 995 3648 ricen
1012 3611 1086 3647 esse
1104 3602 1211 3647 artem.
1224 3615 1249 3648 v.
1259 3598 1343 3662 Wyt

337 3658 371 3729 μή
389 3661 555 3725 προςτιθὲναι
578 3661 624 3714 τὸν
646 3660 715 3712 θεὸν
737 3658 812 3711 edla*
863 3663 1011 3715 tenbech.
1034 3664 1067 3715 sd
1088 3664 1222 3716 Phaedon.
1243 3682 1269 3731 p.
1288 3663 1343 3717 180.

337 3730 412 3795 βείας
435 3728 525 3794 χάριν·
559 3729 672 3783 εἰώθασι
702 3729 731 3780 δὲ
760 3736 814 3782 τοῖς
864 3730 904 3782 ed.
920 3733 977 3782 Bar.
990 3748 1020 3850 χι.
1039 3730 1088 3784 182
1099 3749 1153 3797 seq.
1170 3733 1209 3784 ed.
1228 3734 1301 3800 Lips.

337 3796 459 3851 τοιούτοις
485 3795 572 3863 ὅρκοις
599 3800 713 3866 χρῆσθαι
736 3796 813 3848 ἕπεο·
897 3801 926 3850 Ρ.
955 3799 1012 3851 46.
1073 3797 1176 3852 οὐδὲν
1211 3798 1340 3868 ἀγαθὸν

340 3866 521 3932 φημιζόμενοι,
551 3866 613 3920 ὥςτε
640 3867 728 3917 εἰπεῖν
757 3865 812 3926 μὲν,
865 3872 960 3918 τοῦτο
984 3867 1080 3936 κεκτ.]
1111 3869 1242 3921 Videlicet
1267 3869 1337 3931 illud,

337 3933 377 3995 μὰ
395 3931 461 3994 τόν,
485 3930 567 3995 ὄνομα
585 3933 615 3985 δὲ
631 3931 720 4001 μηκέτι
735 3951 814 3999 προς·
865 3952 915 4000 quo
931 3943 961 3986 tu
977 3947 1028 3988 eos·
1038 3936 1150 4004 gaudere
1167 3939 1215 3988 ais.
1259 3987 1261 3990 .

338 4004 431 4053 θεῖναι.
447 4004 488 4052 καλ
500 4001 626 4054 Πλάτωνα
640 4002 669 4053 δὲ
681 4008 716 4069 τῷ
730 4002 814 4052 τοιού·
899 4000 957 4054 ἐὰν
978 4001 1016 4072 μὴ
1041 4005 1071 4055 Σ.
1096 4003 1283 4074 ἐξελεγχθῇ
1302 4001 1342 4070 -]

338 4089 371 4137 τῳ
401 4072 548 4137 κεχρῆσθαι.
600 4071 702 4122 Similia
736 4070 815 4120 hebet
864 4073 932 4121 nisi
962 4073 1118 4124 Socrates
1145 4091 1161 4124 s
1189 4075 1272 4126 Polo
1301 4090 1341 4125 re·

338 4140 424 4190 Schol.
442 4141 470 4189 in
487 4141 556 4190 Aves
573 4157 597 4190 v.
615 4139 686 4202 521„
708 4138 754 4188 ubi
771 4155 816 4188 ve·
865 4141 995 4192 futatus
1010 4157 1114 4208 eoque
1127 4141 1267 4205 edoctus
1280 4143 1341 4194 fue

337 4213 402 4258 teres
421 4207 565 4258 Socraticos
587 4210 624 4258 ita
646 4210 731 4258 iurare
754 4207 814 4256 soli·
865 4209 910 4258 rit
937 4208 1017 4260 illos
1044 4212 1156 4262 facere
1187 4227 1271 4278 qnae
1299 4226 1343 4263 ve·

336 4281 377 4325 tos
399 4292 455 4326 esse
477 4284 572 4327 narret
595 4304 628 4315 -
651 4277 692 4326 Ad
715 4272 751 4326 od
777 4273 814 4325 ον’
865 4277 936 4326 lint.
971 4278 1038 4328 Nem
1056 4277 1197 4347 ἐξελέγχειν
1218 4293 1292 4332 nuno
1306 4284 1341 4331 ut

336 4361 370 4407 γε
392 4344 473 4397 intell.
492 4343 551 4411 φής.
569 4346 640 4396 Infra
657 4362 681 4410 p.
699 4342 757 4396 474.
770 4345 813 4400 ,Βι
865 4346 1076 4411 coarguendo
1099 4347 1341 4414 resecandaque

338 4408 394 4460 ἐπεὶ
426 4410 457 4462 οὐ
482 4406 561 4476 δέξαι’
584 4410 619 4462 ἂν
640 4414 735 4473 μᾶλλον
757 4401 812 4462 ἄδι·
865 4413 986 4464 docere.
1039 4417 1068 4466 P.
1089 4413 1213 4471 leals
1239 4406 1341 4485 'hd'
1385 4480 1386 4485 Ἰ
