3242 5259
398 597 437 650 48
753 591 1051 652 PROLEGOMENA

398 765 485 819 antea
505 767 574 820 sunt
594 760 738 836 exposita,
761 762 886 840 denique
908 764 944 822 ad
964 761 1082 821 vivendi
1103 762 1245 820 rationem
1272 767 1351 820 recte
1380 766 1411 820 et

397 847 554 921 prudenter
581 845 761 920 deligendam
789 852 989 925 consequatur.
1047 846 1166 905 Etenim
1193 844 1326 904 Callicles
1354 845 1409 904 etsi

399 930 524 989 Socratis
544 930 740 1007 disputatione
759 931 803 989 ita
824 937 869 990 111
889 936 1061 1006 commotus,
1091 936 1125 989 ut
1146 931 1230 988 illum
1258 931 1313 989 sibi
1334 932 1409 989 bene

397 1015 559 1091 disputasse
580 1015 673 1075 videri
694 1015 770 1074 ultro
791 1017 930 1088 fateatur,
958 1023 1056 1075 tamen
1078 1017 1149 1074 adeo
1171 1020 1217 1074 est
1237 1016 1321 1094 quasi
1343 1035 1410 1073 con-

398 1106 526 1159 secratus
547 1100 608 1158 suis
630 1099 827 1175 opinionibus,
857 1107 890 1160 ut
920 1102 968 1160 vol
995 1100 1115 1158 meliora
1143 1101 1260 1159 edoctus
1289 1100 1345 1158 sibi
1374 1101 1410 1158 de

398 1185 533 1243 contrarii
553 1185 677 1244 veritate
698 1187 826 1243 nondum
846 1186 1019 1262 persuadeat
1039 1185 1078 1260 (p.
1095 1189 1163 1243 513.
1185 1184 1243 1259 D.).
1265 1184 1409 1244 Nimirum

397 1269 496 1346 populi
517 1289 596 1327 amor
617 1269 679 1328 sive
700 1270 876 1328 democratia
902 1291 968 1328 oum
990 1269 1123 1345 impedit,
1152 1274 1186 1328 ut
1206 1270 1248 1328 111
1268 1271 1410 1341 Socrates,

398 1355 551 1433 quominus
572 1354 726 1432 aliquando
747 1361 873 1414 mentem
894 1375 976 1413 suam
996 1359 1099 1413 mutet.
1136 1353 1330 1416 Quamobrem
1351 1355 1410 1412 iam

399 1440 538 1511 Socrates,
559 1439 680 1514 duplicis
701 1458 803 1516 corpus
826 1446 855 1498 et
876 1440 1004 1497 animum
1026 1439 1145 1497 curandi
1164 1439 1299 1510 rationis,
1322 1458 1411 1516 quam

398 1530 484 1582 antea
514 1522 586 1598 (cap.
626 1528 671 1580 15.
701 1525 762 1581 coll.
793 1544 853 1600 cap.
894 1523 952 1597 19.)
988 1524 1176 1594 distinxerat,
1212 1523 1410 1582 recordatione

397 1609 491 1665 denuo
512 1607 692 1679 resuscitata,
715 1609 905 1667 adulatoriam
918 1609 998 1666 iham
1021 1609 1212 1684 spernendam
1233 1628 1296 1666 esse
1311 1613 1411 1667 censet

398 1699 486 1771 atque
506 1694 683 1768 probandam
704 1692 787 1750 unice
818 1713 881 1752 eam
907 1700 999 1752 artem
1020 1693 1150 1765 civilem,
1179 1712 1253 1770 quae
1281 1693 1312 1750 id
1333 1692 1411 1770 quod

398 1777 539 1853 optimum
560 1782 605 1836 est
624 1778 730 1836 habeat
751 1777 937 1853 propositum.
970 1778 1049 1836 Huic
1068 1797 1147 1849 vero,
1168 1777 1273 1854 inquit,
1295 1776 1326 1834 id
1347 1797 1411 1835 mu·

398 1862 475 1920 neris
497 1867 542 1921 est
561 1861 747 1938 propositum,
768 1867 802 1920 ut
824 1863 901 1921 cives
923 1882 1010 1939 quam
1031 1863 1153 1938 optimos
1175 1861 1291 1921 efficiat.
1331 1859 1410 1924 Quo·

398 1947 474 2005 circa
487 1967 533 2005 res
554 1946 617 2021 ipsa
637 1948 774 2023 postulat,
796 1947 893 2025 utqui
907 1947 1081 2023 reipublicae
1096 1966 1211 2022 operam
1225 1945 1323 2004 daturi
1342 1947 1410 2018 sint,

398 2031 420 2089 ii
441 2036 472 2090 et
496 2031 629 2089 idoneam
651 2030 742 2106 (boni)
771 2031 976 2090 scientiam
1004 2038 1034 2090 et
1062 2036 1173 2090 rectum
1198 2051 1296 2089 rerum
1323 2050 1411 2090 usum

399 2117 530 2174 afferant.
566 2115 656 2178 ¹Quod
678 2117 812 2193 quoniam
834 2117 1026 2190 neglexenmt
1051 2117 1112 2175 fere
1132 2115 1190 2176 riri
1209 2116 1242 2172 in
1261 2115 1412 2193 republica

398 2201 623 2259 Atheniensium
644 2201 712 2258 olim
732 2201 850 2273 versati,
871 2221 994 2279 quorum
1007 2207 1093 2260 antea
1114 2207 1159 2260 est
1171 2200 1278 2259 iniecta
1291 2200 1411 2272 mentio,

399 2285 476 2345 cives
496 2306 554 2343 non
575 2285 715 2356 meliores,
736 2287 786 2344 sed
806 2286 918 2361 peiores
939 2285 1144 2357 reddiderunt,
1172 2291 1207 2344 ut
1227 2304 1281 2343 nec
1301 2285 1410 2342 miran-

398 2371 468 2427 dum
489 2371 541 2442 sit,
563 2372 639 2448 quod
660 2372 798 2446 populus,
828 2376 929 2446 utpote
951 2371 1140 2446 depravatus,
1169 2370 1205 2427 iis
1226 2389 1278 2445 pro
1298 2369 1412 2429 meritis

398 2456 507 2515 scilicet
527 2455 587 2514 suis
608 2475 666 2514 non
687 2456 835 2514 meliorem
862 2456 977 2514 rettulit
997 2455 1134 2529 gratiam,
1165 2474 1253 2532 quam
1273 2453 1411 2530 sophistis

397 2542 505 2599 referre
520 2540 613 2599 solent
626 2540 755 2615 ipsorum
769 2539 902 2615 discipuli
917 2540 956 2615 (p.
973 2544 1041 2598 513.
1050 2540 1136 2597 D.—
1149 2537 1282 2612 520.E.).
1303 2540 1411 2617 Itaque

398 2626 516 2684 tandem
537 2625 620 2682 unice
641 2626 868 2700 amplectendam
883 2630 913 2683 11
930 2625 1078 2682 colendam
1093 2644 1155 2683 esse
1170 2629 1290 2699 apparet
1310 2643 1411 2684 veram

398 2711 479 2767 illam
499 2714 529 2767 et
549 2728 715 2782 germanam
743 2709 871 2768 civitatis
900 2709 1092 2780 curationem,
1122 2711 1158 2767 ab
1186 2707 1353 2767 adulatione
1382 2714 1412 2767 et

398 2795 583 2869 voluptatum
611 2793 732 2869 aucupio
761 2801 900 2852 aversani.
943 2792 1025 2856 Quae
1053 2793 1167 2852 etiamsi
1194 2792 1295 2851 multis
1325 2812 1410 2869 saepe

400 2897 466 2935 cum
485 2878 620 2953 periculis
649 2884 737 2955 atque
766 2879 837 2935 adeo
866 2897 931 2936 cum
951 2878 1030 2937 vitae
1060 2877 1223 2936 discrimine
1251 2876 1411 2937 conflictari

400 2966 532 3037 cogatur,
561 2968 659 3021 tamen
679 2982 738 3020 una
758 2963 844 3021 laude
869 2962 957 3036 digna
977 2963 1101 3022 videtin.
1144 2961 1338 3025 Quamobrem
1360 2963 1411 3020 So·

401 3053 493 3106 crates
514 3066 567 3104 neo
587 3046 704 3120 gloriari
726 3048 856 3117 dubitat,
887 3048 964 3125 quod
992 3048 1055 3123 ipse
1075 3067 1161 3106 verae
1183 3046 1253 3105 artis
1275 3047 1410 3123 politicae

399 3132 432 3188 in
452 3131 551 3207 paucis
571 3131 682 3207 peritus
703 3131 755 3203 sit,
783 3137 885 3207 utpote
913 3131 980 3191 boni
1009 3132 1105 3191 studio
1126 3137 1218 3191 totam
1245 3132 1410 3206 pervitam

399 3216 484 3275 unice
499 3216 622 3275 deditus.
651 3217 724 3273 Eam
738 3237 806 3276 vero
820 3216 962 3274 rationem
974 3221 1124 3291 praeterea
1136 3215 1204 3274 inde
1219 3235 1236 3273 a
1251 3236 1279 3291 p.
1295 3218 1410 3281 523.A„

400 3302 483 3360 docet
511 3301 598 3359 etiam
627 3301 787 3364 certissima
814 3301 961 3377 proposita
989 3301 1096 3359 habere
1123 3299 1266 3376 praemia,
1303 3299 1410 3378 quippe

400 3406 474 3464 quae
496 3405 561 3444 cum
581 3386 694 3445 iustitia
714 3386 823 3462 pariter
850 3392 938 3462 atque
959 3405 1025 3443 oum
1052 3385 1161 3460 pietate
1183 3383 1338 3459 coniuncta
1365 3384 1410 3457 sit,

399 3478 441 3542 ut,
462 3471 486 3529 si
507 3491 566 3529 non
586 3471 617 3528 in
637 3471 692 3528 hac
713 3469 782 3542 vita,
805 3476 836 3528 at
857 3475 934 3528 certo
955 3470 986 3526 in
1005 3469 1068 3528 vita
1088 3469 1157 3526 olim
1177 3469 1279 3528 futura
1299 3486 1410 3527 summa

400 3555 546 3614 felicitatis
567 3559 736 3613 ornamenta
765 3560 978 3632 consequutura
1005 3554 1058 3625 sit,
1087 3555 1157 3611 dum
1183 3553 1301 3611 fraudes
1322 3558 1409 3631 atque

399 3639 537 3710 iniuriae,
567 3639 699 3716 quamvis
720 3639 768 3696 hic
789 3638 972 3697 callidissime
1000 3639 1174 3709 occultatae,
1204 3636 1340 3695 maximis
1360 3657 1411 3713 pu·

400 3723 518 3781 nientur
538 3723 698 3798 suppliciis:
728 3723 757 3780 id
779 3725 856 3801 quod
877 3723 991 3797 egregie
1018 3724 1181 3781 declaratur
1200 3721 1327 3780 fabulari
1347 3740 1411 3779 nar·

400 3807 512 3866 ratione
540 3806 579 3883 (p.
604 3811 672 3866 522.
694 3809 728 3866 E.
755 3841 797 3849 —
828 3809 896 3866 527.
919 3805 962 3881 G.)
990 3807 1119 3866 universi
1147 3806 1214 3865 libri
1241 3810 1411 3880 argumento

400 3891 597 3952 sollertissime
618 3897 816 3968 attemperata.
857 3893 905 3949 Ex
925 3891 1030 3970 quibus
1053 3891 1186 3950 omnibus
1208 3889 1334 3968 denique
1356 3890 1410 3948 col·

399 3977 500 4051 ligitur
520 3996 633 4034 omnem
659 3980 773 4052 turpem
795 3977 990 4035 adulationem
1011 3977 1110 4034 sedulo
1135 3974 1304 4049 fugiendam
1325 3979 1411 4054 atque

400 4061 489 4121 etiam
508 4061 670 4120 rhetoricen
691 4063 728 4120 ad
748 4061 777 4118 id
799 4061 876 4138 quod
895 4063 1004 4119 bonum
1025 4067 1055 4120 et
1074 4061 1184 4119 iustum
1205 4059 1245 4119 sit
1263 4059 1411 4119 conferen-

400 4147 467 4204 dam
488 4167 550 4205 esse
571 4145 610 4222 (p.
635 4148 704 4205 527.
726 4143 778 4219 0.).
1366 4166 1369 4172 ·

463 4232 545 4290 Η111
565 4230 655 4305 igitur
674 4237 720 4289 est
739 4228 828 4289 tertia
848 4228 978 4287 universi
998 4229 1090 4304 operis
1111 4248 1187 4304 pars,
1209 4225 1410 4304 quadamque

401 4315 587 4375 disertissime
616 4317 793 4386 declaratur,
831 4312 900 4391 quid
930 4333 967 4370 ex
995 4313 1072 4370 omni
1100 4310 1297 4388 disputatione
1327 4319 1411 4369 antea

402 4398 510 4472 agitata
531 4401 566 4458 ad
588 4401 748 4476 sapientem
769 4399 849 4459 vitae
870 4398 1095 4457 moderationem
1108 4400 1310 4474 consequatur.
1337 4396 1413 4454 Nam
