3242 5259
281 601 320 657 58
561 601 564 604 ’
591 601 613 655 ’ζ’
637 601 934 662 PROLEGOMENA

279 789 336 851 quo
365 771 488 846 Gorgiae
516 791 608 829 sermo
636 771 789 829 institutus
817 771 953 845 fingatur.
997 771 1137 835 Quocirca
1166 773 1293 848 primum

279 857 397 935 quidem
416 856 499 915 varia
518 861 681 931 temporum
701 855 784 928 signa
804 861 835 915 st
854 856 962 915 indicia
975 857 1100 916 sermoni
1114 857 1293 917 luculentius

279 942 420 1017 impressa
440 941 588 1016 collegisse
608 940 730 1000 iuvabit.

310 1046 311 1049 ¹
341 1026 495 1084 Ordiamur
514 1044 584 1085 vero
605 1044 623 1083 a
642 1025 825 1084 recensendis
851 1025 888 1084 iis
908 1030 1072 1102 temporum
1092 1025 1186 1098 notio,
1215 1027 1294 1085 unde

279 1111 454 1189 colloquium
483 1110 596 1188 Olymp.
627 1115 675 1181 88,
707 1115 734 1167 2.
758 1131 798 1162 =
820 1112 880 1168 427
911 1130 936 1169 a.
965 1111 1033 1170 our.
1061 1131 1090 1169 n.
1118 1112 1168 1171 vel
1195 1112 1294 1187 paullo

278 1200 345 1271 poet
365 1195 499 1254 habitum
525 1194 597 1268 fingi
617 1194 779 1252 coniectum
801 1199 855 1253 est.
897 1193 1010 1258 Quibus
1030 1195 1208 1254 enumeratis
1228 1216 1294 1272 pro-

279 1279 443 1355 grediemur
464 1281 501 1337 ad
522 1298 557 1337 ea
577 1280 781 1353 cognoscenda,
803 1298 879 1356 quae
899 1280 944 1337 illi
964 1280 1072 1339 rationi
1090 1282 1293 1340 adversantur.

278 1366 319 1423 Et
345 1365 471 1441 primum
500 1363 617 1443 quidem
644 1363 692 1423 hio
719 1365 905 1422 memoranda
938 1368 984 1424 est
1004 1365 1127 1440 Gorgiae
1155 1365 1295 1425 Leontini

278 1449 385 1524 legatio
406 1450 519 1527 Olymp.
543 1453 592 1521 88,
614 1454 641 1506 2.
664 1469 705 1501 =
727 1449 787 1524 427
810 1468 836 1506 a.
858 1449 925 1507 chr.
945 1469 974 1507 n.
995 1449 1135 1508 Athenas
1148 1454 1294 1526 suscepta,

279 1554 338 1612 qua
358 1534 408 1592 illc
428 1533 459 1591 id
487 1533 600 1592 efficere
629 1533 755 1604 studuit,
783 1537 819 1592 ut
843 1535 1032 1610 popularibus
1060 1535 1121 1594 suis
1149 1534 1294 1594 auxilium

279 1618 504 1677 Atheniensium
540 1623 640 1677 contra
668 1619 866 1695 Syracusanos
899 1625 1128 1694 compararetur,
1168 1621 1206 1678 de
1234 1638 1296 1698 qua

281 1722 313 1761 re
334 1707 450 1779 praeter·
477 1702 547 1761 alios
568 1707 668 1762 narrat
695 1703 887 1761 Diodorus
916 1704 985 1762 Sic.
1008 1705 1081 1764 ΧΠ.
1102 1725 1130 1781 p.
1154 1708 1225 1763 ola.
1245 1706 1293 1763 ed.

279 1789 373 1847 Wess.
416 1788 572 1848 Enimvero
601 1788 689 1845 huius
717 1788 933 1863 opportunitate
959 1790 1060 1847 rhetor
1088 1789 1295 1853 celeberrimus

279 1879 415 1933 narratur
434 1874 558 1950 primum
586 1872 766 1932 artificialem
793 1873 943 1931 rhetorum
965 1874 1127 1931 Siculorum
1155 1873 1295 1952 eloquen-

279 1960 351 2018 tiam
370 1959 402 2015 in
423 1958 572 2019 Graeciam
592 1957 759 2034 pertulisse,
789 1976 878 2035 quam
898 1977 990 2035 quum
1019 1959 1069 2016 alii
1089 1959 1206 2030 Graeci,
1228 1963 1295 2017 tum

279 2044 419 2119 imprimis
450 2043 645 2102 Athenienses
679 2041 806 2099 maximo
842 2043 938 2100 studio
972 2043 1166 2119 exceperint„
1204 2044 1296 2103 Dedit

279 2129 357 2186 enim
377 2135 440 2188 tum
468 2147 527 2185 non
555 2128 639 2184 modo
660 2126 782 2203 publice,
812 2128 863 2185 sed
891 2126 980 2185 etiam
1000 2128 1139 2203 privatim
1167 2127 1296 2187 illustria

279 2214 341 2271 eius
362 2215 548 2283 documenta,
577 2231 652 2289 quac
680 2211 862 2270 audientium
890 2212 1000 2270 animos
1026 2214 1111 2271 valde
1138 2219 1297 2272 moverunt

279 2302 310 2356 et
329 2297 361 2354 in
381 2297 538 2354 maximam
558 2296 777 2354 admirationem
799 2297 995 2371 abripuerunt
1044 2299 1081 2355 Id
1109 2297 1187 2375 quod
1208 2297 1295 2356 Plato

279 2383 342 2458 ipse
362 2382 516 2443 memoriae
537 2381 679 2457 prodidit
688 2380 719 2437 in
739 2380 850 2456 Hippia
869 2381 935 2438 mai
964 2403 991 2457 p.
1014 2383 1154 2454 raah,
1184 2382 1295 2441 ubido

279 2467 330 2524 illa
351 2468 473 2541 Gorgiae
495 2467 639 2541 legatione
660 2467 750 2525 verba
770 2465 880 2523 faciens
908 2466 986 2524 inter
1007 2466 1065 2524 alia
1085 2468 1158 2524 haec
1177 2473 1295 2526 narrat·

219 2625 223 2631 ⁸
280 2551 329 2610 καὶ
351 2551 382 2611 ἓν
403 2556 447 2634 τῷ
470 2547 573 2632 δήμω,
602 2550 713 2628 inquit,
743 2543 889 2620 ztotsr’
870 2570 979 2629 αριστα
1000 2549 1103 2623 εἰπεῖν,
1131 2549 1181 2608 και
1211 2547 1271 2609 ld
1256 2572 1295 2610 ια

279 2614 437 2708 ἐπιδείξεις
451 2633 628 2712 ποιουμενος
648 2635 696 2694 καὶ
724 2631 824 2693 συνών
844 2640 908 2704 τοῖς
932 2630 1008 2704 νέοις
1024 2630 1171 2714 χρήματα
1197 2612 1296 2694 πολλὰ

279 2717 437 2798 slpydouro
458 2719 507 2778 καὶ
529 2716 668 2795 italico
655 2741 686 2777 en
706 2717 793 2796 τῆςὸε
815 2722 869 2796 τῆς
889 2714 1041 2792 πόλεως,Ι
1033 2739 1052 2778 1.
1070 2740 1095 2778 e.
1117 2720 1293 2779 Athenis.

279 2806 326 2861 Ad
348 2806 403 2862 hoc
424 2805 514 2878 igitur
535 2804 687 2877 legationis
708 2808 823 2879 tempus
844 2803 901 2861 viri
922 2804 1091 2876 doctissimi,
1114 2823 1187 2882 quos
1209 2806 1294 2863 modo

278 2887 498 2960 nominavimus,
520 2889 665 2962 dialogum
688 2907 801 2945 omnem
822 2894 1019 2963 comparatum
1040 2909 1102 2948 esse
1117 2896 1296 2949 censuerunt

277 2977 438 3050 propterca,
460 2975 537 3052 quod
556 2977 619 3031 tum
632 2992 742 3032 novum
755 2973 835 3031 istud
849 2973 1030 3050 eloquentiae
1044 2994 1136 3048 genus
1149 2973 1181 3031 in
1195 2974 1296 3032 Sicilie

278 3058 429 3116 excultum
450 3064 481 3118 et
501 3058 626 3134 primum
653 3058 684 3114 in
705 3058 835 3116 Atticam
855 3060 1000 3134 perlatum
1020 3059 1060 3117 sit
1086 3063 1116 3117 et
1135 3059 1295 3118 maximam

278 3143 460 3202 audientium
481 3142 700 3202 admirationem
722 3142 909 3215 excitaverit,
938 3143 1032 3221 qualis
1059 3144 1086 3200 ei
1112 3148 1215 3218 postea
1242 3144 1295 3204 vix

278 3248 379 3286 rursus
399 3228 527 3304 potuerit
548 3227 703 3301 obtingere.
747 3227 904 3286 Enimvero
932 3232 1059 3305 quantus
1086 3231 1150 3285 tum
1171 3228 1295 3303 Gorgiae

279 3313 372 3371 honor
393 3313 517 3371 Athenis
538 3313 577 3371 sit
597 3312 729 3383 habitus,
759 3311 790 3369 id
818 3332 909 3390 quum
930 3311 1051 3370 aliorum
1078 3313 1294 3372 narrationibus

279 3399 477 3473 cognoscitur,
505 3403 569 3457 tum
598 3395 863 3473 Olympiodori
891 3401 1005 3455 constat
1031 3396 1213 3471 testimonio,
1243 3398 1293 3476 qui

279 3504 329 3542 sos
350 3484 427 3556 dies,
458 3484 565 3562 quibus
585 3481 715 3557 sophista
736 3485 830 3540 artem
849 3500 932 3539 suam
952 3500 1048 3539 coram
1068 3483 1176 3557 populo
1196 3488 1293 3542 osten·

259 3569 402 3639 tavent,
426 3570 462 3626 ab
484 3566 712 3626 Atheniensibus
733 3585 785 3642 pro
806 3565 889 3625 festis
910 3566 1025 3624 habitos
1045 3566 1136 3624 fuisse
1155 3567 1293 3646 ipsasque

278 3652 341 3710 eius
363 3647 507 3710 orationes
527 3651 674 3727 lampadas
689 3651 850 3726 appellatas
864 3670 927 3709 osse
942 3650 1049 3723 scribit,
1071 3670 1099 3711 v.
1116 3670 1182 3710 ann.
1202 3659 1292 3711 nostr.

279 3738 315 3795 ad
338 3737 424 3810 Gorg.
445 3756 472 3812 p.
496 3737 567 3795 417.
588 3739 623 3794 A.
667 3737 732 3792 Iam
756 3755 826 3796 vero
854 3754 920 3793 cum
946 3736 1001 3793 hoc
1021 3737 1158 3811 temporis
1186 3736 1292 3796 indicio

279 3820 404 3880 mirabili
444 3839 514 3878 sane
550 3822 633 3878 modo
668 3821 834 3891 concordat,
872 3821 949 3899 quod
982 3840 1010 3895 p.
1046 3825 1116 3879 503.
1152 3822 1184 3880 0.
1238 3824 1292 3880 Pe-

280 3907 364 3965 ricles
385 3905 491 3963 dicitur
516 3903 622 3964 νεωστὶ
650 3900 894 3982 τετελευτηκέναι.
935 3904 1044 3963 Incidit
1070 3905 1149 3964 enim
1174 3907 1294 3965 Periclis

279 4010 356 4050 mors
378 3991 410 4048 in
431 3991 545 4068 Olymp.
569 3991 622 4060 87,
651 3995 678 4046 4.
695 4009 735 4040 =:
752 3994 813 4047 429
835 4008 860 4047 a
882 3989 948 4047 (lhr.
969 4009 1007 4062 n.,
1029 3994 1064 4048 ut
1076 3990 1189 4049 duobus
1210 3992 1295 4051 annis

279 4079 347 4134 ante
369 4075 492 4148 Gorgiae
514 4074 688 4148 legationem
709 4073 849 4133 evenerit.
877 4072 961 4137 Quod
974 4080 1117 4152 quantum
1138 4077 1175 4133 ad
1195 4081 1294 4136 tutan-

279 4161 346 4216 dam
368 4157 522 4236 superioris
550 4158 670 4217 rationis
691 4157 975 4217 verisimilitudinem
1002 4178 1036 4217 ac
1062 4160 1296 4236 probabilitatem

280 4245 385 4316 valeat,
410 4249 486 4303 certe
507 4263 591 4301 nemo
612 4243 669 4302 erit
689 4242 762 4320 quin
782 4262 835 4300 sua
855 4248 957 4319 sponte
978 4243 1199 4304 animadvertat.
1233 4247 1294 4304 Nec

281 4347 350 4386 vero
372 4329 440 4387 inde
462 4329 575 4387 abludit
596 4328 674 4386 aliud
695 4326 774 4405 quid.
824 4327 940 4388 Dicitur
960 4329 1039 4386 enim
1059 4330 1181 4401 Demos,
1210 4332 1294 4408 Pyri-

282 4410 387 4494 lampio
408 4413 495 4490 filius,
516 4434 545 4495 p.
567 4418 637 4476 481.
659 4413 695 4474 D.
717 4431 734 4473 a
755 4411 871 4475 Callicle
899 4412 931 4475 in
951 4413 1062 4475 deliciis
1082 4415 1201 4477 habitus
1221 4436 1293 4481 esse.
