<?xml version="1.0" encoding="UTF-8"?>
<!DOCTYPE html PUBLIC "-//W3C//DTD XHTML 1.0 Transitional//EN"
    "http://www.w3.org/TR/xhtml1/DTD/xhtml1-transitional.dtd">
<html xmlns="http://www.w3.org/1999/xhtml" xml:lang="en" lang="en">
 <head>
  <title>
</title>
<meta http-equiv="Content-Type" content="text/html;charset=utf-8" />
  <meta name='ocr-system' content='tesseract 3.04.00' />
  <meta name='ocr-capabilities' content='ocr_page ocr_carea ocr_par ocr_line ocrx_word'/>
</head>
<body>
  <div class='ocr_page' id='page_1' title='image "./platonisgorgias02platgoog_0370.png"; bbox 0 0 3242 5259; ppageno 0'>
   <div class='ocr_carea' id='block_1_1' title="bbox 509 599 1295 661">
    <p class='ocr_par' dir='ltr' id='par_1_1' title="bbox 509 599 1295 661">
     <span class='ocr_line' id='line_1_1' title="bbox 509 599 1295 661; baseline 0 0"><span class='ocrx_word' id='word_1_1' title='bbox 509 599 693 661; x_wconf 82' lang='lat' dir='ltr'><strong>GORGIAS.</strong></span> <span class='ocrx_word' id='word_1_2' title='bbox 715 601 749 661; x_wconf 88' lang='lat' dir='ltr'><strong><em>P.</em></strong></span> <span class='ocrx_word' id='word_1_3' title='bbox 773 604 843 660; x_wconf 85' lang='lat'><strong>518.</strong></span> <span class='ocrx_word' id='word_1_4' title='bbox 867 605 937 659; x_wconf 86' lang='grc'><strong>519.</strong></span> <span class='ocrx_word' id='word_1_5' title='bbox 958 602 1005 661; x_wconf 88' lang='lat' dir='ltr'><strong><em>ed.</em></strong></span> <span class='ocrx_word' id='word_1_6' title='bbox 1027 601 1071 661; x_wconf 81' lang='lat' dir='ltr'><strong><em>st.</em></strong></span> <span class='ocrx_word' id='word_1_7' title='bbox 1237 603 1295 661; x_wconf 80' lang='lat'><strong><em>317</em></strong></span> 
     </span>
    </p>
   </div>
   <div class='ocr_carea' id='block_1_2' title="bbox 226 761 1349 2315">
    <p class='ocr_par' dir='ltr' id='par_1_2' title="bbox 281 761 1299 847">
     <span class='ocr_line' id='line_1_2' title="bbox 281 761 1299 847; baseline 0.001 -20"><span class='ocrx_word' id='word_1_8' title='bbox 281 763 360 838; x_wconf 77' lang='grc' dir='ltr'><strong><em>τοὺς</em></strong></span> <span class='ocrx_word' id='word_1_9' title='bbox 381 763 503 837; x_wconf 83' lang='grc' dir='ltr'><strong><em>αἰτίους</em></strong></span> <span class='ocrx_word' id='word_1_10' title='bbox 523 767 589 827; x_wconf 91' lang='grc' dir='ltr'><strong><em>τῶν</em></strong></span> <span class='ocrx_word' id='word_1_11' title='bbox 610 767 732 828; x_wconf 90' lang='grc' dir='ltr'><strong><em>κακῶν·</em></strong></span> <span class='ocrx_word' id='word_1_12' title='bbox 756 773 817 828; x_wconf 85' lang='grc' dir='ltr'><strong><em>σοῦ</em></strong></span> <span class='ocrx_word' id='word_1_13' title='bbox 838 763 872 827; x_wconf 80' lang='grc' dir='ltr'><strong><em>δὲ</em></strong></span> <span class='ocrx_word' id='word_1_14' title='bbox 893 763 968 839; x_wconf 90' lang='grc' dir='ltr'><strong><em>’ίσως</em></strong></span> <span class='ocrx_word' id='word_1_15' title='bbox 989 761 1215 847; x_wconf 74' lang='grc' dir='ltr'><strong><em>ἐπιλήψονται,</em></strong></span> <span class='ocrx_word' id='word_1_16' title='bbox 1242 762 1299 828; x_wconf 65' lang='lat' dir='ltr'><strong><em>lov</em></strong></span> 
     </span>
    </p>

    <p class='ocr_par' dir='ltr' id='par_1_3' title="bbox 226 859 1349 2315">
     <span class='ocr_line' id='line_1_3' title="bbox 226 859 1299 945; baseline -0.001 -20"><span class='ocrx_word' id='word_1_17' title='bbox 226 918 228 921; x_wconf 95' lang='lat'><strong>.</strong></span> <span class='ocrx_word' id='word_1_18' title='bbox 280 861 325 945; x_wconf 81' lang='grc' dir='ltr'><strong><em>μὴ</em></strong></span> <span class='ocrx_word' id='word_1_19' title='bbox 347 863 477 944; x_wconf 73' lang='grc' dir='ltr'><strong><em>εὐλαβῇ,</em></strong></span> <span class='ocrx_word' id='word_1_20' title='bbox 498 861 631 926; x_wconf 82' lang='grc' dir='ltr'><strong><em>καὶτοῦ</em></strong></span> <span class='ocrx_word' id='word_1_21' title='bbox 653 861 732 943; x_wconf 82' lang='grc' dir='ltr'><strong><em>ἐμοῦ</em></strong></span> <span class='ocrx_word' id='word_1_22' title='bbox 755 859 885 940; x_wconf 80' lang='grc' dir='ltr'><strong><em>ἑταίρου</em></strong></span> <span class='ocrx_word' id='word_1_23' title='bbox 903 859 1125 943; x_wconf 76' lang='grc' dir='ltr'><strong><em>Ἀλκιβιάδου,</em></strong></span> <span class='ocrx_word' id='word_1_24' title='bbox 1147 861 1225 926; x_wconf 88' lang='grc' dir='ltr'><strong><em>ὅταν</em></strong></span> <span class='ocrx_word' id='word_1_25' title='bbox 1245 861 1299 927; x_wconf 83' lang='grc' dir='ltr'><strong><em>καὶ</em></strong></span> 
     </span>
     <span class='ocr_line' id='line_1_4' title="bbox 280 953 1348 1043; baseline -0.001 -19"><span class='ocrx_word' id='word_1_26' title='bbox 280 959 320 1024; x_wconf 86' lang='grc' dir='ltr'><strong><em>τὰ</em></strong></span> <span class='ocrx_word' id='word_1_27' title='bbox 341 961 458 1042; x_wconf 82' lang='grc' dir='ltr'><strong><em>ἀρχαῖα</em></strong></span> <span class='ocrx_word' id='word_1_28' title='bbox 478 960 744 1042; x_wconf 82' lang='grc' dir='ltr'><strong><em>προςαπολλύωσι</em></strong></span> <span class='ocrx_word' id='word_1_29' title='bbox 772 961 853 1042; x_wconf 84' lang='grc' dir='ltr'><strong><em>πρὸς</em></strong></span> <span class='ocrx_word' id='word_1_30' title='bbox 873 953 923 1035; x_wconf 82' lang='grc' dir='ltr'><strong><em>οἷς</em></strong></span> <span class='ocrx_word' id='word_1_31' title='bbox 945 960 1141 1043; x_wconf 81' lang='grc' dir='ltr'><strong><em>ἐκτήσαντο,</em></strong></span> <span class='ocrx_word' id='word_1_32' title='bbox 1171 961 1232 1024; x_wconf 90' lang='grc' dir='ltr'><strong><em>ούκ</em></strong></span> <span class='ocrx_word' id='word_1_33' title='bbox 1252 960 1298 1023; x_wconf 73' lang='grc' dir='ltr'><strong><em>αλ</em></strong></span> <span class='ocrx_word' id='word_1_34' title='bbox 1319 967 1348 1032; x_wconf 91' lang='grc' dir='ltr'>Β</span> 
     </span>
     <span class='ocr_line' id='line_1_5' title="bbox 280 1051 1297 1136; baseline 0 -14"><span class='ocrx_word' id='word_1_35' title='bbox 280 1061 359 1122; x_wconf 91' lang='grc' dir='ltr'><strong><em>τίων</em></strong></span> <span class='ocrx_word' id='word_1_36' title='bbox 397 1064 502 1124; x_wconf 87' lang='grc' dir='ltr'><strong><em>ὄντων</em></strong></span> <span class='ocrx_word' id='word_1_37' title='bbox 530 1062 596 1122; x_wconf 90' lang='grc' dir='ltr'><strong><em>τῶν</em></strong></span> <span class='ocrx_word' id='word_1_38' title='bbox 622 1062 751 1136; x_wconf 79' lang='grc' dir='ltr'><strong><em>κακῶν,</em></strong></span> <span class='ocrx_word' id='word_1_39' title='bbox 787 1051 853 1121; x_wconf 89' lang='grc' dir='ltr'><strong><em>ἀλλ’</em></strong></span> <span class='ocrx_word' id='word_1_40' title='bbox 882 1058 959 1133; x_wconf 80' lang='grc' dir='ltr'><strong><em>ἴσως</em></strong></span> <span class='ocrx_word' id='word_1_41' title='bbox 986 1058 1168 1121; x_wconf 84' lang='grc' dir='ltr'><strong><em>συναιτίων.</em></strong></span> <span class='ocrx_word' id='word_1_42' title='bbox 1194 1060 1297 1122; x_wconf 92' lang='grc' dir='ltr'><strong><em>καίτοι</em></strong></span> 
     </span>
     <span class='ocr_line' id='line_1_6' title="bbox 280 1152 1297 1240; baseline -0.002 -20"><span class='ocrx_word' id='word_1_43' title='bbox 280 1154 382 1238; x_wconf 77' lang='grc' dir='ltr'><strong><em>ἔγωγε</em></strong></span> <span class='ocrx_word' id='word_1_44' title='bbox 415 1158 556 1240; x_wconf 86' lang='grc' dir='ltr'><strong><em>ἀνόητον</em></strong></span> <span class='ocrx_word' id='word_1_45' title='bbox 585 1167 717 1239; x_wconf 78' lang='grc' dir='ltr'><strong><em>πρᾶγμα</em></strong></span> <span class='ocrx_word' id='word_1_46' title='bbox 746 1152 801 1218; x_wconf 87' lang='grc' dir='ltr'><strong><em>καὶ</em></strong></span> <span class='ocrx_word' id='word_1_47' title='bbox 829 1164 892 1218; x_wconf 81' lang='grc' dir='ltr'><strong><em>νῦν</em></strong></span> <span class='ocrx_word' id='word_1_48' title='bbox 922 1153 988 1234; x_wconf 83' lang='grc' dir='ltr'><strong><em>δρῶ</em></strong></span> <span class='ocrx_word' id='word_1_49' title='bbox 1019 1156 1214 1238; x_wconf 75' lang='grc' dir='ltr'><strong><em>γιγνόμενον</em></strong></span> <span class='ocrx_word' id='word_1_50' title='bbox 1244 1155 1297 1220; x_wconf 80' lang='grc' dir='ltr'><strong><em>καὶ</em></strong></span> 
     </span>
     <span class='ocr_line' id='line_1_7' title="bbox 280 1246 1298 1336; baseline -0.001 -18"><span class='ocrx_word' id='word_1_51' title='bbox 280 1257 392 1319; x_wconf 91' lang='grc' dir='ltr'><strong><em>ἀκούω</em></strong></span> <span class='ocrx_word' id='word_1_52' title='bbox 408 1260 474 1327; x_wconf 86' lang='grc' dir='ltr'><strong><em>τῶν</em></strong></span> <span class='ocrx_word' id='word_1_53' title='bbox 489 1246 634 1318; x_wconf 89' lang='grc' dir='ltr'><strong><em>παλαιῶν</em></strong></span> <span class='ocrx_word' id='word_1_54' title='bbox 651 1253 781 1333; x_wconf 81' lang='grc' dir='ltr'><strong><em>ἀνδρῶν</em></strong></span> <span class='ocrx_word' id='word_1_55' title='bbox 802 1250 883 1331; x_wconf 80' lang='grc' dir='ltr'><strong><em>πέρι.</em></strong></span> <span class='ocrx_word' id='word_1_56' title='bbox 906 1253 1105 1334; x_wconf 79' lang='grc' dir='ltr'><strong><em>αίσθάνομαι</em></strong></span> <span class='ocrx_word' id='word_1_57' title='bbox 1125 1255 1197 1336; x_wconf 67' lang='lat' dir='ltr'><strong>yolo,</strong></span> <span class='ocrx_word' id='word_1_58' title='bbox 1220 1249 1298 1318; x_wconf 91' lang='grc' dir='ltr'><strong><em>ὅταν</em></strong></span> 
     </span>
     <span class='ocr_line' id='line_1_8' title="bbox 280 1347 1298 1436; baseline -0.001 -20"><span class='ocrx_word' id='word_1_59' title='bbox 280 1355 302 1436; x_wconf 75' lang='grc' dir='ltr'><em>ἡ</em></span> <span class='ocrx_word' id='word_1_60' title='bbox 330 1354 421 1427; x_wconf 91' lang='grc' dir='ltr'><strong><em>πόλις</em></strong></span> <span class='ocrx_word' id='word_1_61' title='bbox 453 1351 525 1417; x_wconf 84' lang='grc' dir='ltr'><strong><em>τινὰ</em></strong></span> <span class='ocrx_word' id='word_1_62' title='bbox 552 1356 618 1416; x_wconf 91' lang='grc' dir='ltr'><strong><em>τῶν</em></strong></span> <span class='ocrx_word' id='word_1_63' title='bbox 646 1355 818 1415; x_wconf 79' lang='grc' dir='ltr'><strong><em>πολιτικῶν</em></strong></span> <span class='ocrx_word' id='word_1_64' title='bbox 838 1347 968 1431; x_wconf 82' lang='grc' dir='ltr'><strong><em>ἀνδρῶν</em></strong></span> <span class='ocrx_word' id='word_1_65' title='bbox 988 1352 1234 1434; x_wconf 74' lang='grc' dir='ltr'><strong><em>μεταχειρίζηται</em></strong></span> <span class='ocrx_word' id='word_1_66' title='bbox 1255 1352 1298 1427; x_wconf 89' lang='grc' dir='ltr'><strong><em>ῶς</em></strong></span> 
     </span>
     <span class='ocr_line' id='line_1_9' title="bbox 281 1445 1298 1532; baseline 0.001 -18"><span class='ocrx_word' id='word_1_67' title='bbox 281 1445 474 1528; x_wconf 81' lang='grc' dir='ltr'><strong><em>ἀδικοῦντα,</em></strong></span> <span class='ocrx_word' id='word_1_68' title='bbox 502 1446 774 1532; x_wconf 81' lang='grc' dir='ltr'><strong><em>ἀγανακτούντων</em></strong></span> <span class='ocrx_word' id='word_1_69' title='bbox 794 1449 848 1512; x_wconf 84' lang='grc' dir='ltr'><strong><em>καὶ</em></strong></span> <span class='ocrx_word' id='word_1_70' title='bbox 868 1451 1123 1531; x_wconf 81' lang='grc' dir='ltr'><strong><em>σχετλιαζὸντων,</em></strong></span> <span class='ocrx_word' id='word_1_71' title='bbox 1146 1449 1188 1524; x_wconf 88' lang='grc' dir='ltr'><strong><em>ῶς</em></strong></span> <span class='ocrx_word' id='word_1_72' title='bbox 1209 1450 1298 1514; x_wconf 86' lang='grc' dir='ltr'><strong><em>δεινδι</em></strong></span> 
     </span>
     <span class='ocr_line' id='line_1_10' title="bbox 280 1541 1297 1631; baseline 0 -18"><span class='ocrx_word' id='word_1_73' title='bbox 280 1551 457 1631; x_wconf 82' lang='grc' dir='ltr'><strong><em>ποίσχουσι·</em></strong></span> <span class='ocrx_word' id='word_1_74' title='bbox 487 1547 589 1612; x_wconf 83' lang='grc' dir='ltr'><strong><em>πολλὰ</em></strong></span> <span class='ocrx_word' id='word_1_75' title='bbox 610 1547 663 1613; x_wconf 86' lang='grc' dir='ltr'><strong><em>καὶ</em></strong></span> <span class='ocrx_word' id='word_1_76' title='bbox 683 1541 793 1628; x_wconf 77' lang='grc' dir='ltr'><strong><em>ἀγαθὰ</em></strong></span> <span class='ocrx_word' id='word_1_77' title='bbox 814 1545 874 1630; x_wconf 77' lang='grc' dir='ltr'><strong><em>τὴν</em></strong></span> <span class='ocrx_word' id='word_1_78' title='bbox 894 1549 989 1610; x_wconf 91' lang='grc' dir='ltr'><strong><em>πόλιν</em></strong></span> <span class='ocrx_word' id='word_1_79' title='bbox 1010 1548 1216 1629; x_wconf 83' lang='grc' dir='ltr'><strong><em>πεποιηκότες</em></strong></span> <span class='ocrx_word' id='word_1_80' title='bbox 1235 1553 1297 1631; x_wconf 79' lang='grc' dir='ltr'><strong><em>ἀρα</em></strong></span> 
     </span>
     <span class='ocr_line' id='line_1_11' title="bbox 280 1640 1297 1728; baseline 0.002 -19"><span class='ocrx_word' id='word_1_81' title='bbox 280 1641 400 1720; x_wconf 78' lang='grc' dir='ltr'><strong><em>ἀδίκως</em></strong></span> <span class='ocrx_word' id='word_1_82' title='bbox 429 1640 485 1709; x_wconf 79' lang='grc' dir='ltr'><strong><em>ἀπ’</em></strong></span> <span class='ocrx_word' id='word_1_83' title='bbox 516 1647 615 1727; x_wconf 76' lang='grc' dir='ltr'><strong><em>αὐτῆς</em></strong></span> <span class='ocrx_word' id='word_1_84' title='bbox 643 1645 859 1722; x_wconf 80' lang='grc' dir='ltr'><strong><em>ἀπόλλυνται,</em></strong></span> <span class='ocrx_word' id='word_1_85' title='bbox 887 1645 930 1718; x_wconf 87' lang='grc' dir='ltr'><strong><em>ῶς</em></strong></span> <span class='ocrx_word' id='word_1_86' title='bbox 951 1646 969 1709; x_wconf 88' lang='grc' dir='ltr'>ὁ</span> <span class='ocrx_word' id='word_1_87' title='bbox 989 1647 1115 1709; x_wconf 90' lang='grc' dir='ltr'><strong><em>τούτων</em></strong></span> <span class='ocrx_word' id='word_1_88' title='bbox 1135 1647 1239 1728; x_wconf 79' lang='grc' dir='ltr'><strong><em>λόγος.</em></strong></span> <span class='ocrx_word' id='word_1_89' title='bbox 1261 1646 1297 1711; x_wconf 91' lang='grc' dir='ltr'><strong><em>τδ</em></strong></span> 
     </span>
     <span class='ocr_line' id='line_1_12' title="bbox 280 1738 1349 1825; baseline 0.001 -17"><span class='ocrx_word' id='word_1_90' title='bbox 280 1745 316 1808; x_wconf 83' lang='grc' dir='ltr'><strong><em>δὲ</em></strong></span> <span class='ocrx_word' id='word_1_91' title='bbox 338 1740 416 1808; x_wconf 84' lang='grc' dir='ltr'><strong><em>ὅλον</em></strong></span> <span class='ocrx_word' id='word_1_92' title='bbox 437 1743 558 1819; x_wconf 78' lang='grc' dir='ltr'><strong><em>ψεῦδός</em></strong></span> <span class='ocrx_word' id='word_1_93' title='bbox 579 1740 651 1806; x_wconf 79' lang='grc' dir='ltr'><strong><em>ἐστι.</em></strong></span> <span class='ocrx_word' id='word_1_94' title='bbox 672 1745 852 1825; x_wconf 78' lang='grc' dir='ltr'><strong><em>προστάτης</em></strong></span> <span class='ocrx_word' id='word_1_95' title='bbox 871 1743 934 1825; x_wconf 79' lang='grc' dir='ltr'><strong><em>γὰρ</em></strong></span> <span class='ocrx_word' id='word_1_96' title='bbox 955 1744 1077 1818; x_wconf 82' lang='grc' dir='ltr'><strong><em>πόλεως</em></strong></span> <span class='ocrx_word' id='word_1_97' title='bbox 1096 1740 1168 1808; x_wconf 81' lang='grc' dir='ltr'><strong><em>οὐδ’</em></strong></span> <span class='ocrx_word' id='word_1_98' title='bbox 1191 1743 1232 1809; x_wconf 84' lang='grc' dir='ltr'><strong><em>διν</em></strong></span> <span class='ocrx_word' id='word_1_99' title='bbox 1253 1738 1299 1820; x_wconf 83' lang='grc' dir='ltr'><strong><em>εἷς</em></strong></span> <span class='ocrx_word' id='word_1_100' title='bbox 1321 1753 1349 1820; x_wconf 83' lang='lat' dir='ltr'>O</span> 
     </span>
     <span class='ocr_line' id='line_1_13' title="bbox 279 1831 1297 1925; baseline 0.002 -20"><span class='ocrx_word' id='word_1_101' title='bbox 279 1864 358 1906; x_wconf 88' lang='grc' dir='ltr'><strong><em>ποτε</em></strong></span> <span class='ocrx_word' id='word_1_102' title='bbox 387 1841 507 1915; x_wconf 84' lang='grc' dir='ltr'><strong><em>ἀδίκως</em></strong></span> <span class='ocrx_word' id='word_1_103' title='bbox 537 1835 689 1905; x_wconf 86' lang='grc' dir='ltr'><strong><em>ἀπόλοιτο</em></strong></span> <span class='ocrx_word' id='word_1_104' title='bbox 717 1833 772 1905; x_wconf 79' lang='grc' dir='ltr'><strong><em>ὑπ’</em></strong></span> <span class='ocrx_word' id='word_1_105' title='bbox 799 1843 898 1922; x_wconf 79' lang='grc' dir='ltr'><strong><em>αὐτῆς</em></strong></span> <span class='ocrx_word' id='word_1_106' title='bbox 919 1851 974 1923; x_wconf 79' lang='grc' dir='ltr'><strong><em>τῆς</em></strong></span> <span class='ocrx_word' id='word_1_107' title='bbox 994 1843 1132 1919; x_wconf 78' lang='grc' dir='ltr'><strong><em>πόλεως,</em></strong></span> <span class='ocrx_word' id='word_1_108' title='bbox 1163 1831 1201 1924; x_wconf 81' lang='grc' dir='ltr'><strong><em>ἧς</em></strong></span> <span class='ocrx_word' id='word_1_109' title='bbox 1221 1865 1297 1925; x_wconf 82' lang='grc' dir='ltr'><strong><em>προ-</em></strong></span> 
     </span>
     <span class='ocr_line' id='line_1_14' title="bbox 280 1933 1298 2021; baseline 0 -17"><span class='ocrx_word' id='word_1_110' title='bbox 280 1946 395 2004; x_wconf 83' lang='grc' dir='ltr'><strong><em>στατεί.</em></strong></span> <span class='ocrx_word' id='word_1_111' title='bbox 426 1940 609 2004; x_wconf 81' lang='grc' dir='ltr'><strong><em>κινδυνεύει</em></strong></span> <span class='ocrx_word' id='word_1_112' title='bbox 636 1939 699 2021; x_wconf 79' lang='grc' dir='ltr'><strong><em>γὰρ</em></strong></span> <span class='ocrx_word' id='word_1_113' title='bbox 725 1933 898 2004; x_wconf 89' lang='grc' dir='ltr'><strong><em>ταύτδν</em></strong></span> <span class='ocrx_word' id='word_1_114' title='bbox 867 1960 968 2019; x_wconf 82' lang='grc' dir='ltr'><strong><em>ειναι,</em></strong></span> <span class='ocrx_word' id='word_1_115' title='bbox 997 1936 1069 2005; x_wconf 89' lang='grc' dir='ltr'><strong><em>ὅσοι</em></strong></span> <span class='ocrx_word' id='word_1_116' title='bbox 1088 1961 1122 2004; x_wconf 92' lang='grc' dir='ltr'><strong><em>τε</em></strong></span> <span class='ocrx_word' id='word_1_117' title='bbox 1141 1940 1298 2006; x_wconf 81' lang='grc' dir='ltr'><strong><em>πολιτικοὶ</em></strong></span> 
     </span>
     <span class='ocr_line' id='line_1_15' title="bbox 279 2031 1298 2121; baseline 0.003 -20"><span class='ocrx_word' id='word_1_118' title='bbox 279 2043 535 2118; x_wconf 81' lang='grc' dir='ltr'><strong><em>προςποιούντοιι</em></strong></span> <span class='ocrx_word' id='word_1_119' title='bbox 566 2031 650 2100; x_wconf 83' lang='grc' dir='ltr'><strong><em>εἶναι</em></strong></span> <span class='ocrx_word' id='word_1_120' title='bbox 677 2037 731 2101; x_wconf 84' lang='grc' dir='ltr'><strong><em>καὶ</em></strong></span> <span class='ocrx_word' id='word_1_121' title='bbox 760 2032 832 2103; x_wconf 91' lang='grc' dir='ltr'><strong><em>ὅσοι</em></strong></span> <span class='ocrx_word' id='word_1_122' title='bbox 860 2039 1019 2118; x_wconf 89' lang='grc' dir='ltr'><strong><em>σοφισταί</em></strong></span> <span class='ocrx_word' id='word_1_123' title='bbox 1040 2062 1094 2102; x_wconf 91' lang='grc' dir='ltr'><strong><em>και</em></strong></span> <span class='ocrx_word' id='word_1_124' title='bbox 1112 2038 1175 2121; x_wconf 79' lang='grc' dir='ltr'><strong><em>γὰρ</em></strong></span> <span class='ocrx_word' id='word_1_125' title='bbox 1196 2063 1227 2103; x_wconf 96' lang='grc' dir='ltr'><strong><em>οι</em></strong></span> <span class='ocrx_word' id='word_1_126' title='bbox 1247 2054 1298 2104; x_wconf 91' lang='grc' dir='ltr'><strong><em>σο-</em></strong></span> 
     </span>
     <span class='ocr_line' id='line_1_16' title="bbox 281 2128 1298 2217; baseline 0.002 -19"><span class='ocrx_word' id='word_1_127' title='bbox 281 2131 410 2216; x_wconf 85' lang='grc' dir='ltr'><strong><em>φισταί,</em></strong></span> <span class='ocrx_word' id='word_1_128' title='bbox 441 2128 540 2198; x_wconf 87' lang='grc' dir='ltr'><strong><em>τάλλα</em></strong></span> <span class='ocrx_word' id='word_1_129' title='bbox 569 2133 667 2215; x_wconf 90' lang='grc' dir='ltr'><strong><em>σοφοι</em></strong></span> <span class='ocrx_word' id='word_1_130' title='bbox 695 2138 804 2214; x_wconf 86' lang='grc' dir='ltr'><strong><em>όντες,</em></strong></span> <span class='ocrx_word' id='word_1_131' title='bbox 833 2144 931 2201; x_wconf 83' lang='grc' dir='ltr'><strong><em>τοῦτο</em></strong></span> <span class='ocrx_word' id='word_1_132' title='bbox 959 2139 1082 2200; x_wconf 89' lang='grc' dir='ltr'><strong><em>ἀτοπον</em></strong></span> <span class='ocrx_word' id='word_1_133' title='bbox 1112 2134 1298 2217; x_wconf 79' lang='grc' dir='ltr'><strong><em>ἐργάζονται</em></strong></span> 
     </span>
     <span class='ocr_line' id='line_1_17' title="bbox 279 2227 1297 2315; baseline 0 -18"><span class='ocrx_word' id='word_1_134' title='bbox 279 2244 428 2315; x_wconf 78' lang='grc' dir='ltr'><strong><em>πρᾶγμα</em></strong></span> <span class='ocrx_word' id='word_1_135' title='bbox 458 2232 638 2314; x_wconf 78' lang='grc' dir='ltr'><strong><em>φάσκοντες</em></strong></span> <span class='ocrx_word' id='word_1_136' title='bbox 665 2233 729 2315; x_wconf 76' lang='grc' dir='ltr'><strong><em>γὰρ</em></strong></span> <span class='ocrx_word' id='word_1_137' title='bbox 759 2227 872 2315; x_wconf 77' lang='grc' dir='ltr'><strong><em>ἀρετῆς</em></strong></span> <span class='ocrx_word' id='word_1_138' title='bbox 902 2233 1087 2299; x_wconf 77' lang='grc' dir='ltr'><strong><em>διδάσκαλοι</em></strong></span> <span class='ocrx_word' id='word_1_139' title='bbox 1114 2228 1198 2298; x_wconf 88' lang='grc' dir='ltr'><strong><em>είναι</em></strong></span> <span class='ocrx_word' id='word_1_140' title='bbox 1222 2238 1297 2298; x_wconf 90' lang='grc' dir='ltr'><strong><em>πολ-</em></strong></span> 
     </span>
    </p>
   </div>
   <div class='ocr_carea' id='block_1_3' title="bbox 278 2448 1297 2654">
    <p class='ocr_par' dir='ltr' id='par_1_4' title="bbox 278 2448 1297 2654">
     <span class='ocr_line' id='line_1_18' title="bbox 280 2448 1297 2538; baseline 0.003 -39"><span class='ocrx_word' id='word_1_141' title='bbox 280 2448 410 2514; x_wconf 82' lang='grc' dir='ltr'><strong><em>πύσχονοι</em></strong></span> <span class='ocrx_word' id='word_1_142' title='bbox 432 2455 568 2512; x_wconf 82' lang='lat' dir='ltr'><strong>commate,</strong></span> <span class='ocrx_word' id='word_1_143' title='bbox 593 2458 653 2516; x_wconf 86' lang='lat' dir='ltr'><strong>post</strong></span> <span class='ocrx_word' id='word_1_144' title='bbox 675 2450 722 2518; x_wconf 79' lang='grc' dir='ltr'><strong><em>τὴν</em></strong></span> <span class='ocrx_word' id='word_1_145' title='bbox 745 2449 821 2502; x_wconf 86' lang='grc' dir='ltr'><strong><em>πόλιν</em></strong></span> <span class='ocrx_word' id='word_1_146' title='bbox 843 2451 1013 2538; x_wconf 75' lang='grc' dir='ltr'><strong><em>πεποιηκότες</em></strong></span> <span class='ocrx_word' id='word_1_147' title='bbox 1035 2459 1132 2534; x_wconf 86' lang='lat' dir='ltr'><strong>puncto</strong></span> <span class='ocrx_word' id='word_1_148' title='bbox 1155 2452 1297 2519; x_wconf 83' lang='lat' dir='ltr'><strong>distingue·</strong></span> 
     </span>
     <span class='ocr_line' id='line_1_19' title="bbox 279 2488 1297 2602; baseline 0.002 -34"><span class='ocrx_word' id='word_1_149' title='bbox 279 2521 366 2582; x_wconf 87' lang='lat' dir='ltr'><strong>batur,</strong></span> <span class='ocrx_word' id='word_1_150' title='bbox 377 2535 435 2602; x_wconf 90' lang='lat' dir='ltr'><strong><em>pro</em></strong></span> <span class='ocrx_word' id='word_1_151' title='bbox 440 2516 504 2602; x_wconf 81' lang='grc' dir='ltr'><strong><em>ἄρα</em></strong></span> <span class='ocrx_word' id='word_1_152' title='bbox 504 2488 602 2572; x_wconf 77' lang='grc' dir='ltr'><strong><em>ἀδιίίως</em></strong></span> <span class='ocrx_word' id='word_1_153' title='bbox 613 2527 700 2571; x_wconf 86' lang='lat' dir='ltr'><strong>autem</strong></span> <span class='ocrx_word' id='word_1_154' title='bbox 712 2513 909 2571; x_wconf 72' lang='lat' dir='ltr'><strong>scribebatur</strong></span> <span class='ocrx_word' id='word_1_155' title='bbox 891 2538 944 2585; x_wconf 83' lang='lat' dir='ltr'><strong><em>upa</em></strong></span> <span class='ocrx_word' id='word_1_156' title='bbox 956 2517 1007 2578; x_wconf 77' lang='grc' dir='ltr'><strong>ἀδ..</strong></span> <span class='ocrx_word' id='word_1_157' title='bbox 1026 2522 1101 2586; x_wconf 87' lang='lat' dir='ltr'><strong>signo</strong></span> <span class='ocrx_word' id='word_1_158' title='bbox 1119 2521 1297 2588; x_wconf 84' lang='lat' dir='ltr'><strong>interrogandi</strong></span> 
     </span>
     <span class='ocr_line' id='line_1_20' title="bbox 278 2580 1296 2654; baseline 0.002 -18"><span class='ocrx_word' id='word_1_159' title='bbox 278 2593 339 2651; x_wconf 92' lang='lat' dir='ltr'><strong>post</strong></span> <span class='ocrx_word' id='word_1_160' title='bbox 362 2583 398 2639; x_wconf 77' lang='lat' dir='ltr'><strong>oio</strong></span> <span class='ocrx_word' id='word_1_161' title='bbox 422 2583 437 2636; x_wconf 89' lang='grc' dir='ltr'><strong><em>ὅ</em></strong></span> <span class='ocrx_word' id='word_1_162' title='bbox 459 2584 558 2637; x_wconf 83' lang='grc' dir='ltr'><strong><em>τούτων</em></strong></span> <span class='ocrx_word' id='word_1_163' title='bbox 581 2585 657 2654; x_wconf 74' lang='grc' dir='ltr'><strong><em>λόγος</em></strong></span> <span class='ocrx_word' id='word_1_164' title='bbox 679 2588 841 2654; x_wconf 87' lang='lat' dir='ltr'><strong>interposito</strong></span> <span class='ocrx_word' id='word_1_165' title='bbox 879 2590 929 2639; x_wconf 90' lang='lat' dir='ltr'><strong><em>Pro</em></strong></span> <span class='ocrx_word' id='word_1_166' title='bbox 957 2580 1010 2653; x_wconf 80' lang='grc' dir='ltr'><strong><em>ἀρα</em></strong></span> <span class='ocrx_word' id='word_1_167' title='bbox 1037 2605 1089 2639; x_wconf 88' lang='lat' dir='ltr'><strong><em>non</em></strong></span> <span class='ocrx_word' id='word_1_168' title='bbox 1115 2590 1196 2654; x_wconf 88' lang='lat' dir='ltr'><strong>pauci</strong></span> <span class='ocrx_word' id='word_1_169' title='bbox 1221 2589 1296 2640; x_wconf 84' lang='lat' dir='ltr'><strong>codd.</strong></span> 
     </span>
    </p>
   </div>
   <div class='ocr_carea' id='block_1_4' title="bbox 278 2651 1297 2777">
    <p class='ocr_par' dir='ltr' id='par_1_5' title="bbox 278 2651 1297 2774">
     <span class='ocr_line' id='line_1_21' title="bbox 278 2651 1297 2721; baseline 0.005 -18"><span class='ocrx_word' id='word_1_170' title='bbox 278 2651 482 2719; x_wconf 66' lang='lat' dir='ltr'><strong>praebuerunt*</strong></span> <span class='ocrx_word' id='word_1_171' title='bbox 466 2672 526 2719; x_wconf 81' lang='grc' dir='ltr'><strong><em>αρν,</em></strong></span> <span class='ocrx_word' id='word_1_172' title='bbox 544 2671 595 2721; x_wconf 85' lang='lat' dir='ltr'><strong><em>quo</em></strong></span> <span class='ocrx_word' id='word_1_173' title='bbox 608 2656 726 2707; x_wconf 87' lang='lat' dir='ltr'><strong>restituto</strong></span> <span class='ocrx_word' id='word_1_174' title='bbox 744 2658 832 2707; x_wconf 87' lang='lat' dir='ltr'><strong>omnia</strong></span> <span class='ocrx_word' id='word_1_175' title='bbox 849 2663 919 2709; x_wconf 89' lang='lat' dir='ltr'><strong>recte</strong></span> <span class='ocrx_word' id='word_1_176' title='bbox 937 2673 965 2708; x_wconf 87' lang='lat' dir='ltr'><strong><em>se</em></strong></span> <span class='ocrx_word' id='word_1_177' title='bbox 982 2656 1086 2708; x_wconf 81' lang='lat' dir='ltr'><strong>liabent</strong></span> <span class='ocrx_word' id='word_1_178' title='bbox 1120 2659 1200 2708; x_wconf 87' lang='lat' dir='ltr'><strong>Recte</strong></span> <span class='ocrx_word' id='word_1_179' title='bbox 1216 2659 1297 2709; x_wconf 82' lang='lat' dir='ltr'><strong>verba</strong></span> 
     </span>
     <span class='ocr_line' id='line_1_22' title="bbox 278 2723 531 2777; baseline 0.004 -4"><span class='ocrx_word' id='word_1_180' title='bbox 278 2723 402 2774; x_wconf 80' lang='lat' dir='ltr'><strong>distinxit</strong></span> <span class='ocrx_word' id='word_1_181' title='bbox 417 2724 531 2777; x_wconf 86' lang='lat' dir='ltr'><strong>Bekker.</strong></span> 
     </span>
    </p>
   </div>
   <div class='ocr_carea' id='block_1_5' title="bbox 278 2903 765 3060">
    <p class='ocr_par' dir='ltr' id='par_1_6' title="bbox 278 2903 765 3060">
     <span class='ocr_line' id='line_1_23' title="bbox 278 2903 764 2993; baseline 0.004 -17"><span class='ocrx_word' id='word_1_182' title='bbox 278 2903 429 2976; x_wconf 88' lang='lat' dir='ltr'><strong>consilium</strong></span> <span class='ocrx_word' id='word_1_183' title='bbox 452 2925 556 2975; x_wconf 76' lang='lat' dir='ltr'><strong>Siciliae</strong></span> <span class='ocrx_word' id='word_1_184' title='bbox 589 2919 764 2993; x_wconf 86' lang='lat' dir='ltr'><strong>occupandae.</strong></span> 
     </span>
     <span class='ocr_line' id='line_1_24' title="bbox 278 2995 765 3060; baseline 0.004 -16"><span class='ocrx_word' id='word_1_185' title='bbox 278 2995 321 3044; x_wconf 84' lang='lat' dir='ltr'><strong><em>Ex</em></strong></span> <span class='ocrx_word' id='word_1_186' title='bbox 345 3010 396 3058; x_wconf 88' lang='lat' dir='ltr'><strong><em>quo</em></strong></span> <span class='ocrx_word' id='word_1_187' title='bbox 413 3001 527 3060; x_wconf 89' lang='lat' dir='ltr'><strong>tempore</strong></span> <span class='ocrx_word' id='word_1_188' title='bbox 545 2996 649 3060; x_wconf 88' lang='lat' dir='ltr'><strong>saepius</strong></span> <span class='ocrx_word' id='word_1_189' title='bbox 666 2996 765 3047; x_wconf 75' lang='lat' dir='ltr'><strong>excidit</strong></span> 
     </span>
    </p>
   </div>
   <div class='ocr_carea' id='block_1_6' title="bbox 815 2929 1296 3062">
    <p class='ocr_par' dir='ltr' id='par_1_7' title="bbox 815 2929 1296 3062">
     <span class='ocr_line' id='line_1_25' title="bbox 815 2929 1295 2995; baseline 0.008 -18"><span class='ocrx_word' id='word_1_190' title='bbox 815 2929 903 2978; x_wconf 87' lang='lat' dir='ltr'><strong>ratio</strong></span> <span class='ocrx_word' id='word_1_191' title='bbox 934 2935 985 2980; x_wconf 91' lang='lat' dir='ltr'><strong><em>est</em></strong></span> <span class='ocrx_word' id='word_1_192' title='bbox 1013 2945 1138 2992; x_wconf 87' lang='lat' dir='ltr'><strong>eorum,</strong></span> <span class='ocrx_word' id='word_1_193' title='bbox 1174 2931 1231 2995; x_wconf 87' lang='lat' dir='ltr'><strong>qui</strong></span> <span class='ocrx_word' id='word_1_194' title='bbox 1261 2945 1295 2981; x_wconf 91' lang='lat' dir='ltr'><strong><em>se</em></strong></span> 
     </span>
     <span class='ocr_line' id='line_1_26' title="bbox 815 2998 1296 3062; baseline 0.004 -16"><span class='ocrx_word' id='word_1_195' title='bbox 815 2998 1025 3062; x_wconf 83' lang='lat' dir='ltr'><strong>profitentur</strong></span> <span class='ocrx_word' id='word_1_196' title='bbox 1057 2999 1219 3048; x_wconf 86' lang='lat' dir='ltr'><strong>civitatis</strong></span> <span class='ocrx_word' id='word_1_197' title='bbox 1252 3014 1296 3048; x_wconf 89' lang='lat' dir='ltr'><strong><em>re·</em></strong></span> 
     </span>
    </p>
   </div>
   <div class='ocr_carea' id='block_1_7' title="bbox 245 3062 764 4487">
    <p class='ocr_par' dir='ltr' id='par_1_8' title="bbox 277 3062 764 3263">
     <span class='ocr_line' id='line_1_27' title="bbox 278 3062 764 3127; baseline 0.004 -15"><span class='ocrx_word' id='word_1_198' title='bbox 278 3062 370 3127; x_wconf 93' lang='lat' dir='ltr'><strong>populi</strong></span> <span class='ocrx_word' id='word_1_199' title='bbox 381 3063 464 3127; x_wconf 89' lang='lat' dir='ltr'><strong>gratia</strong></span> <span class='ocrx_word' id='word_1_200' title='bbox 475 3068 500 3112; x_wconf 85' lang='lat' dir='ltr'><strong><em>ct</em></strong></span> <span class='ocrx_word' id='word_1_201' title='bbox 512 3063 609 3114; x_wconf 84' lang='lat' dir='ltr'><strong>favore.</strong></span> <span class='ocrx_word' id='word_1_202' title='bbox 632 3063 684 3114; x_wconf 83' lang='lat' dir='ltr'><strong><em>Sed</em></strong></span> <span class='ocrx_word' id='word_1_203' title='bbox 701 3071 747 3115; x_wconf 87' lang='lat' dir='ltr'><strong><em>not</em></strong></span> <span class='ocrx_word' id='word_1_204' title='bbox 748 3081 764 3114; x_wconf 91' lang='lat' dir='ltr'><strong>a</strong></span> 
     </span>
     <span class='ocr_line' id='line_1_28' title="bbox 279 3129 764 3184; baseline 0.01 -5"><span class='ocrx_word' id='word_1_205' title='bbox 279 3130 343 3180; x_wconf 83' lang='lat' dir='ltr'><strong>haec</strong></span> <span class='ocrx_word' id='word_1_206' title='bbox 369 3129 489 3180; x_wconf 86' lang='lat' dir='ltr'><strong>omnibus</strong></span> <span class='ocrx_word' id='word_1_207' title='bbox 515 3135 577 3181; x_wconf 89' lang='lat' dir='ltr'><strong>sunt</strong></span> <span class='ocrx_word' id='word_1_208' title='bbox 599 3148 633 3182; x_wconf 86' lang='lat' dir='ltr'><strong><em>ex</em></strong></span> <span class='ocrx_word' id='word_1_209' title='bbox 654 3132 764 3184; x_wconf 87' lang='lat' dir='ltr'><strong>historia</strong></span> 
     </span>
     <span class='ocr_line' id='line_1_29' title="bbox 277 3197 586 3263; baseline 0 -16"><span class='ocrx_word' id='word_1_210' title='bbox 277 3197 344 3247; x_wconf 87' lang='lat' dir='ltr'><strong>belli</strong></span> <span class='ocrx_word' id='word_1_211' title='bbox 360 3199 586 3263; x_wconf 77' lang='lat' dir='ltr'><strong>Peloponnesiaci.</strong></span> 
     </span>
    </p>

    <p class='ocr_par' dir='ltr' id='par_1_9' title="bbox 277 3267 763 3725">
     <span class='ocr_line' id='line_1_30' title="bbox 318 3267 761 3332; baseline 0.014 -17"><span class='ocrx_word' id='word_1_212' title='bbox 318 3267 348 3315; x_wconf 92' lang='lat' dir='ltr'><strong><em>B.</em></strong></span> <span class='ocrx_word' id='word_1_213' title='bbox 400 3268 669 3332; x_wconf 73' lang='grc' dir='ltr'><strong><em>μεταχειριζηται</em></strong></span> <span class='ocrx_word' id='word_1_214' title='bbox 716 3286 761 3322; x_wconf 78' lang='grc' dir='ltr'><strong><em>υτ</em></strong></span> 
     </span>
     <span class='ocr_line' id='line_1_31' title="bbox 279 3331 761 3399; baseline 0.008 -16"><span class='ocrx_word' id='word_1_215' title='bbox 279 3331 479 3399; x_wconf 86' lang='grc' dir='ltr'><strong><em>ἀδικουντα]</em></strong></span> <span class='ocrx_word' id='word_1_216' title='bbox 504 3341 636 3385; x_wconf 81' lang='lat' dir='ltr'><strong>tractat</strong></span> <span class='ocrx_word' id='word_1_217' title='bbox 659 3342 694 3386; x_wconf 85' lang='lat' dir='ltr'><strong><em>ut</em></strong></span> <span class='ocrx_word' id='word_1_218' title='bbox 710 3335 761 3387; x_wconf 92' lang='lat' dir='ltr'><strong><em>ho·</em></strong></span> 
     </span>
     <span class='ocr_line' id='line_1_32' title="bbox 277 3399 760 3469; baseline 0.006 -18"><span class='ocrx_word' id='word_1_219' title='bbox 277 3404 397 3451; x_wconf 91' lang='lat' dir='ltr'><strong>minem</strong></span> <span class='ocrx_word' id='word_1_220' title='bbox 415 3403 669 3453; x_wconf 79' lang='lat' dir='ltr'><strong>maleficum-</strong></span> <span class='ocrx_word' id='word_1_221' title='bbox 687 3399 760 3469; x_wconf 83' lang='grc' dir='ltr'><strong><em>ἀγα·</em></strong></span> 
     </span>
     <span class='ocr_line' id='line_1_33' title="bbox 280 3466 761 3530; baseline 0.011 -12"><span class='ocrx_word' id='word_1_222' title='bbox 280 3466 515 3530; x_wconf 85' lang='grc' dir='ltr'><strong><em>νακιούντων,</em></strong></span> <span class='ocrx_word' id='word_1_223' title='bbox 534 3486 571 3522; x_wconf 85' lang='lat' dir='ltr'><strong><em>sc.</em></strong></span> <span class='ocrx_word' id='word_1_224' title='bbox 589 3467 684 3521; x_wconf 79' lang='grc' dir='ltr'><strong><em>αὐτῶν.</em></strong></span> <span class='ocrx_word' id='word_1_225' title='bbox 712 3474 761 3523; x_wconf 90' lang='lat' dir='ltr'><strong><em>Lo·</em></strong></span> 
     </span>
     <span class='ocr_line' id='line_1_34' title="bbox 278 3538 763 3602; baseline 0.012 -17"><span class='ocrx_word' id='word_1_226' title='bbox 278 3538 369 3602; x_wconf 90' lang='lat' dir='ltr'><strong>quitur</strong></span> <span class='ocrx_word' id='word_1_227' title='bbox 397 3539 465 3588; x_wconf 88' lang='lat' dir='ltr'><strong>enim</strong></span> <span class='ocrx_word' id='word_1_228' title='bbox 493 3539 546 3589; x_wconf 83' lang='lat' dir='ltr'><strong>iam</strong></span> <span class='ocrx_word' id='word_1_229' title='bbox 572 3539 603 3588; x_wconf 86' lang='lat' dir='ltr'><strong><em>de</em></strong></span> <span class='ocrx_word' id='word_1_230' title='bbox 627 3541 763 3602; x_wconf 90' lang='lat' dir='ltr'><strong>omnibus,</strong></span> 
     </span>
     <span class='ocr_line' id='line_1_35' title="bbox 277 3606 762 3659; baseline 0.004 -3"><span class='ocrx_word' id='word_1_231' title='bbox 277 3607 343 3656; x_wconf 90' lang='lat' dir='ltr'><strong>licet</strong></span> <span class='ocrx_word' id='word_1_232' title='bbox 365 3621 446 3655; x_wconf 90' lang='lat' dir='ltr'><strong>unum</strong></span> <span class='ocrx_word' id='word_1_233' title='bbox 466 3606 609 3657; x_wconf 79' lang='lat' dir='ltr'><strong>alterumve</strong></span> <span class='ocrx_word' id='word_1_234' title='bbox 627 3608 694 3659; x_wconf 88' lang='lat' dir='ltr'><strong>male</strong></span> <span class='ocrx_word' id='word_1_235' title='bbox 712 3614 762 3658; x_wconf 86' lang='lat' dir='ltr'><strong>tra·</strong></span> 
     </span>
     <span class='ocr_line' id='line_1_36' title="bbox 278 3679 576 3725; baseline -0.003 0"><span class='ocrx_word' id='word_1_236' title='bbox 278 3679 378 3725; x_wconf 79' lang='lat' dir='ltr'><strong>ctutum</strong></span> <span class='ocrx_word' id='word_1_237' title='bbox 396 3690 452 3725; x_wconf 87' lang='lat' dir='ltr'><strong>esse</strong></span> <span class='ocrx_word' id='word_1_238' title='bbox 472 3680 576 3725; x_wconf 82' lang='lat' dir='ltr'><strong>statuat.</strong></span> 
     </span>
    </p>

    <p class='ocr_par' dir='ltr' id='par_1_10' title="bbox 245 3740 762 4371">
     <span class='ocr_line' id='line_1_37' title="bbox 315 3740 760 3810; baseline 0.005 -19"><span class='ocrx_word' id='word_1_239' title='bbox 315 3741 414 3793; x_wconf 81' lang='grc' dir='ltr'><strong><em>πολλὰ</em></strong></span> <span class='ocrx_word' id='word_1_240' title='bbox 441 3742 493 3792; x_wconf 82' lang='grc' dir='ltr'><strong><em>καί</em></strong></span> <span class='ocrx_word' id='word_1_241' title='bbox 520 3740 690 3810; x_wconf 78' lang='grc' dir='ltr'><strong><em>ἀγαθὰ-</em></strong></span> <span class='ocrx_word' id='word_1_242' title='bbox 713 3741 760 3793; x_wconf 87' lang='grc' dir='ltr'><strong><em>λό·</em></strong></span> 
     </span>
     <span class='ocr_line' id='line_1_38' title="bbox 279 3809 762 3877; baseline 0.004 -18"><span class='ocrx_word' id='word_1_243' title='bbox 279 3809 356 3877; x_wconf 78' lang='lat' dir='ltr'><strong>yos]</strong></span> <span class='ocrx_word' id='word_1_244' title='bbox 381 3811 434 3874; x_wconf 89' lang='lat' dir='ltr'><strong>qui</strong></span> <span class='ocrx_word' id='word_1_245' title='bbox 456 3811 562 3876; x_wconf 86' lang='lat' dir='ltr'><strong>igitur</strong></span> <span class='ocrx_word' id='word_1_246' title='bbox 586 3811 762 3861; x_wconf 87' lang='lat' dir='ltr'><strong>civitatem</strong></span> 
     </span>
     <span class='ocr_line' id='line_1_39' title="bbox 277 3876 762 3930; baseline 0.004 -2"><span class='ocrx_word' id='word_1_247' title='bbox 277 3879 401 3928; x_wconf 89' lang='lat' dir='ltr'><strong>multis</strong></span> <span class='ocrx_word' id='word_1_248' title='bbox 429 3876 612 3929; x_wconf 86' lang='lat' dir='ltr'><strong>beneficiis</strong></span> <span class='ocrx_word' id='word_1_249' title='bbox 642 3879 762 3930; x_wconf 83' lang='lat' dir='ltr'><strong>affece-</strong></span> 
     </span>
     <span class='ocr_line' id='line_1_40' title="bbox 278 3945 762 4013; baseline 0.01 -20"><span class='ocrx_word' id='word_1_250' title='bbox 278 3952 371 4006; x_wconf 85' lang='lat' dir='ltr'><strong>runt,</strong></span> <span class='ocrx_word' id='word_1_251' title='bbox 395 3945 420 3993; x_wconf 90' lang='lat' dir='ltr'><strong><em>ii</em></strong></span> <span class='ocrx_word' id='word_1_252' title='bbox 443 3945 480 3995; x_wconf 88' lang='lat' dir='ltr'><strong><em>ab</em></strong></span> <span class='ocrx_word' id='word_1_253' title='bbox 499 3962 534 3996; x_wconf 88' lang='lat' dir='ltr'><strong><em>ea</em></strong></span> <span class='ocrx_word' id='word_1_254' title='bbox 551 3951 705 4013; x_wconf 85' lang='lat' dir='ltr'><strong>pereunt</strong></span> <span class='ocrx_word' id='word_1_255' title='bbox 726 3954 762 3998; x_wconf 89' lang='lat' dir='ltr'><strong><em>ut</em></strong></span> 
     </span>
     <span class='ocr_line' id='line_1_41' title="bbox 278 4012 762 4078; baseline 0 -14"><span class='ocrx_word' id='word_1_256' title='bbox 278 4014 341 4064; x_wconf 90' lang='lat' dir='ltr'><strong>isti</strong></span> <span class='ocrx_word' id='word_1_257' title='bbox 370 4013 538 4064; x_wconf 83' lang='lat' dir='ltr'><strong>dictitant.</strong></span> <span class='ocrx_word' id='word_1_258' title='bbox 573 4012 724 4066; x_wconf 83' lang='lat' dir='ltr'><strong>Voculae”</strong></span> <span class='ocrx_word' id='word_1_259' title='bbox 709 4033 762 4078; x_wconf 81' lang='grc' dir='ltr'><strong><em>αρν</em></strong></span> 
     </span>
     <span class='ocr_line' id='line_1_42' title="bbox 245 4082 762 4149; baseline 0 -16"><span class='ocrx_word' id='word_1_260' title='bbox 245 4129 248 4133; x_wconf 33' lang='grc'><strong><em>«</em></strong></span> <span class='ocrx_word' id='word_1_261' title='bbox 278 4082 318 4130; x_wconf 90' lang='lat' dir='ltr'><strong>sio</strong></span> <span class='ocrx_word' id='word_1_262' title='bbox 341 4082 498 4145; x_wconf 87' lang='lat' dir='ltr'><strong>postpositae</strong></span> <span class='ocrx_word' id='word_1_263' title='bbox 516 4083 635 4148; x_wconf 85' lang='lat' dir='ltr'><strong>exempla</strong></span> <span class='ocrx_word' id='word_1_264' title='bbox 653 4083 762 4149; x_wconf 80' lang='lat' dir='ltr'><strong>college-</strong></span> 
     </span>
     <span class='ocr_line' id='line_1_43' title="bbox 277 4149 762 4201; baseline 0.008 -4"><span class='ocrx_word' id='word_1_265' title='bbox 277 4155 341 4198; x_wconf 88' lang='lat' dir='ltr'><strong>runt</strong></span> <span class='ocrx_word' id='word_1_266' title='bbox 362 4149 553 4200; x_wconf 85' lang='lat' dir='ltr'><strong>Heindorf.</strong></span> <span class='ocrx_word' id='word_1_267' title='bbox 579 4151 612 4201; x_wconf 82' lang='lat' dir='ltr'><strong><em>ad</em></strong></span> <span class='ocrx_word' id='word_1_268' title='bbox 637 4151 664 4201; x_wconf 95' lang='lat' dir='ltr'><strong><em>h.</em></strong></span> <span class='ocrx_word' id='word_1_269' title='bbox 685 4152 703 4200; x_wconf 90' lang='lat' dir='ltr'><strong><em>l.</em></strong></span> <span class='ocrx_word' id='word_1_270' title='bbox 729 4151 762 4201; x_wconf 79' lang='lat' dir='ltr'><strong><em>ad</em></strong></span> 
     </span>
     <span class='ocr_line' id='line_1_44' title="bbox 277 4216 761 4282; baseline 0.004 -16"><span class='ocrx_word' id='word_1_271' title='bbox 277 4218 377 4282; x_wconf 83' lang='lat' dir='ltr'><strong>Protag</strong></span> <span class='ocrx_word' id='word_1_272' title='bbox 378 4232 414 4266; x_wconf 89' lang='lat' dir='ltr'><strong><em>or.</em></strong></span> <span class='ocrx_word' id='word_1_273' title='bbox 430 4233 455 4282; x_wconf 92' lang='lat' dir='ltr'><strong><em>p.</em></strong></span> <span class='ocrx_word' id='word_1_274' title='bbox 472 4216 532 4269; x_wconf 88' lang='grc'><strong>355.</strong></span> <span class='ocrx_word' id='word_1_275' title='bbox 548 4220 578 4268; x_wconf 92' lang='grc' dir='ltr'><strong><em>Β.</em></strong></span> <span class='ocrx_word' id='word_1_276' title='bbox 604 4224 629 4268; x_wconf 89' lang='lat' dir='ltr'><strong><em>et</em></strong></span> <span class='ocrx_word' id='word_1_277' title='bbox 652 4219 761 4269; x_wconf 80' lang='lat' dir='ltr'><strong>Iacob.</strong></span> 
     </span>
     <span class='ocr_line' id='line_1_45' title="bbox 278 4284 656 4371; baseline 0.014 -38"><span class='ocrx_word' id='word_1_278' title='bbox 278 4284 312 4333; x_wconf 85' lang='lat' dir='ltr'><strong><em>ad</em></strong></span> <span class='ocrx_word' id='word_1_279' title='bbox 330 4285 439 4334; x_wconf 84' lang='lat' dir='ltr'><strong>Lucian.</strong></span> <span class='ocrx_word' id='word_1_280' title='bbox 458 4287 554 4339; x_wconf 78' lang='lat' dir='ltr'><strong>Toxar.</strong></span> <span class='ocrx_word' id='word_1_281' title='bbox 571 4301 596 4371; x_wconf 74' lang='lat' dir='ltr'><strong><em>p.</em></strong></span> <span class='ocrx_word' id='word_1_282' title='bbox 614 4284 656 4338; x_wconf 99' lang='grc'><strong>63</strong></span> 
     </span>
    </p>

    <p class='ocr_par' dir='ltr' id='par_1_11' title="bbox 278 4348 762 4487">
     <span class='ocr_line' id='line_1_46' title="bbox 313 4348 761 4412; baseline 0.007 -11"><span class='ocrx_word' id='word_1_283' title='bbox 313 4352 342 4401; x_wconf 83' lang='lat'><strong><em>0.</em></strong></span> <span class='ocrx_word' id='word_1_284' title='bbox 391 4348 513 4401; x_wconf 82' lang='grc' dir='ltr'><strong><em>ταύτὸν</em></strong></span> <span class='ocrx_word' id='word_1_285' title='bbox 548 4371 650 4412; x_wconf 82' lang='grc' dir='ltr'><strong><em>ειναι,</em></strong></span> <span class='ocrx_word' id='word_1_286' title='bbox 686 4353 761 4404; x_wconf 86' lang='grc' dir='ltr'><strong><em>ὅσοι</em></strong></span> 
     </span>
     <span class='ocr_line' id='line_1_47' title="bbox 278 4419 762 4487; baseline 0.01 -18"><span class='ocrx_word' id='word_1_287' title='bbox 278 4438 309 4470; x_wconf 80' lang='grc' dir='ltr'><strong><em>τε</em></strong></span> <span class='ocrx_word' id='word_1_288' title='bbox 334 4419 415 4487; x_wconf 81' lang='grc' dir='ltr'><strong><em>πολ]</em></strong></span> <span class='ocrx_word' id='word_1_289' title='bbox 448 4422 528 4473; x_wconf 88' lang='lat' dir='ltr'><strong><em>Nam</em></strong></span> <span class='ocrx_word' id='word_1_290' title='bbox 555 4422 667 4472; x_wconf 90' lang='lat' dir='ltr'><strong>eadem</strong></span> <span class='ocrx_word' id='word_1_291' title='bbox 692 4423 762 4474; x_wconf 84' lang='lat' dir='ltr'><strong>fere</strong></span> 
     </span>
    </p>
   </div>
   <div class='ocr_carea' id='block_1_8' title="bbox 812 3065 1297 4029">
    <p class='ocr_par' dir='ltr' id='par_1_12' title="bbox 812 3065 1297 4014">
     <span class='ocr_line' id='line_1_48' title="bbox 815 3065 1296 3131; baseline 0.002 -16"><span class='ocrx_word' id='word_1_292' title='bbox 815 3065 941 3131; x_wconf 80' lang='lat' dir='ltr'><strong>gendae</strong></span> <span class='ocrx_word' id='word_1_293' title='bbox 962 3067 1105 3131; x_wconf 80' lang='lat' dir='ltr'><strong>peritos</strong></span> <span class='ocrx_word' id='word_1_294' title='bbox 1128 3074 1296 3129; x_wconf 86' lang='lat' dir='ltr'><strong>eteorum,</strong></span> 
     </span>
     <span class='ocr_line' id='line_1_49' title="bbox 816 3133 1296 3217; baseline 0.002 -35"><span class='ocrx_word' id='word_1_295' title='bbox 816 3134 873 3198; x_wconf 90' lang='lat' dir='ltr'><strong>qui</strong></span> <span class='ocrx_word' id='word_1_296' title='bbox 898 3149 933 3185; x_wconf 87' lang='lat' dir='ltr'><strong><em>se</em></strong></span> <span class='ocrx_word' id='word_1_297' title='bbox 959 3133 1132 3217; x_wconf 89' lang='lat' dir='ltr'><strong>sophistas</strong></span> <span class='ocrx_word' id='word_1_298' title='bbox 1155 3150 1231 3185; x_wconf 90' lang='lat' dir='ltr'><strong>ease</strong></span> <span class='ocrx_word' id='word_1_299' title='bbox 1254 3135 1296 3184; x_wconf 89' lang='lat' dir='ltr'><strong>di·</strong></span> 
     </span>
     <span class='ocr_line' id='line_1_50' title="bbox 815 3197 1295 3263; baseline 0.002 -12"><span class='ocrx_word' id='word_1_300' title='bbox 815 3207 904 3251; x_wconf 89' lang='lat' dir='ltr'><strong>cunt</strong></span> <span class='ocrx_word' id='word_1_301' title='bbox 939 3201 1026 3251; x_wconf 89' lang='lat' dir='ltr'><strong>Verba</strong></span> <span class='ocrx_word' id='word_1_302' title='bbox 1049 3197 1111 3251; x_wconf 75' lang='lat' dir='ltr'><strong>notai</strong></span> <span class='ocrx_word' id='word_1_303' title='bbox 1134 3198 1161 3250; x_wconf 84' lang='grc' dir='ltr'><strong><em>ιδ</em></strong></span> <span class='ocrx_word' id='word_1_304' title='bbox 1187 3200 1295 3263; x_wconf 84' lang='grc' dir='ltr'><strong><em>νοούμε-</em></strong></span> 
     </span>
     <span class='ocr_line' id='line_1_51' title="bbox 815 3271 1296 3334; baseline 0.01 -18"><span class='ocrx_word' id='word_1_305' title='bbox 815 3286 863 3318; x_wconf 90' lang='grc' dir='ltr'><strong><em>νον</em></strong></span> <span class='ocrx_word' id='word_1_306' title='bbox 878 3274 1059 3334; x_wconf 73' lang='lat' dir='ltr'><strong>coagmentata</strong></span> <span class='ocrx_word' id='word_1_307' title='bbox 1073 3275 1141 3319; x_wconf 89' lang='lat' dir='ltr'><strong>sunt.</strong></span> <span class='ocrx_word' id='word_1_308' title='bbox 1160 3271 1214 3319; x_wconf 85' lang='lat' dir='ltr'><strong><em>Aut</em></strong></span> <span class='ocrx_word' id='word_1_309' title='bbox 1227 3272 1296 3322; x_wconf 87' lang='lat' dir='ltr'><strong>enim</strong></span> 
     </span>
     <span class='ocr_line' id='line_1_52' title="bbox 814 3335 1296 3388; baseline 0.006 -3"><span class='ocrx_word' id='word_1_310' title='bbox 814 3336 950 3387; x_wconf 87' lang='lat' dir='ltr'><strong>dicendum</strong></span> <span class='ocrx_word' id='word_1_311' title='bbox 971 3338 1033 3387; x_wconf 84' lang='lat' dir='ltr'><strong>fuit:</strong></span> <span class='ocrx_word' id='word_1_312' title='bbox 1063 3335 1215 3388; x_wconf 82' lang='grc' dir='ltr'><strong><em>κινδυνεύει</em></strong></span> <span class='ocrx_word' id='word_1_313' title='bbox 1235 3335 1296 3388; x_wconf 84' lang='grc' dir='ltr'><strong><em>ταύ-</em></strong></span> 
     </span>
     <span class='ocr_line' id='line_1_53' title="bbox 813 3398 1296 3490; baseline 0.004 -37"><span class='ocrx_word' id='word_1_314' title='bbox 813 3400 859 3453; x_wconf 86' lang='grc' dir='ltr'><strong><em>τὸν</em></strong></span> <span class='ocrx_word' id='word_1_315' title='bbox 889 3398 960 3454; x_wconf 84' lang='grc' dir='ltr'><strong><em>εἶναι</em></strong></span> <span class='ocrx_word' id='word_1_316' title='bbox 988 3401 1016 3456; x_wconf 87' lang='grc' dir='ltr'><strong><em>ιδ</em></strong></span> <span class='ocrx_word' id='word_1_317' title='bbox 1045 3402 1189 3490; x_wconf 60' lang='grc' dir='ltr'><strong><em>πολιτικοὺς</em></strong></span> <span class='ocrx_word' id='word_1_318' title='bbox 1218 3398 1296 3466; x_wconf 87' lang='grc' dir='ltr'><strong><em>εἶναι,</em></strong></span> 
     </span>
     <span class='ocr_line' id='line_1_54' title="bbox 814 3468 1296 3538; baseline 0.002 -18"><span class='ocrx_word' id='word_1_319' title='bbox 814 3478 870 3521; x_wconf 83' lang='lat' dir='ltr'><strong>aut:</strong></span> <span class='ocrx_word' id='word_1_320' title='bbox 887 3471 1075 3522; x_wconf 87' lang='grc' dir='ltr'><strong><em>κινδυνεύουσι</em></strong></span> <span class='ocrx_word' id='word_1_321' title='bbox 1084 3468 1179 3522; x_wconf 85' lang='grc' dir='ltr'><strong><em>ταύτὸν</em></strong></span> <span class='ocrx_word' id='word_1_322' title='bbox 1188 3471 1296 3538; x_wconf 78' lang='grc' dir='ltr'><strong><em>πάσχειν</em></strong></span> 
     </span>
     <span class='ocr_line' id='line_1_55' title="bbox 812 3537 1296 3605; baseline 0.002 -16"><span class='ocrx_word' id='word_1_323' title='bbox 812 3537 870 3590; x_wconf 86' lang='grc' dir='ltr'><strong><em>ὅσοι</em></strong></span> <span class='ocrx_word' id='word_1_324' title='bbox 888 3557 914 3589; x_wconf 85' lang='grc' dir='ltr'><strong><em>τε</em></strong></span> <span class='ocrx_word' id='word_1_325' title='bbox 932 3557 957 3589; x_wconf 88' lang='grc' dir='ltr'><strong><em>π.</em></strong></span> <span class='ocrx_word' id='word_1_326' title='bbox 978 3559 1000 3590; x_wconf 89' lang='grc' dir='ltr'><strong><em>κ.</em></strong></span> <span class='ocrx_word' id='word_1_327' title='bbox 1019 3559 1037 3589; x_wconf 86' lang='grc' dir='ltr'><strong><em>τ.</em></strong></span> <span class='ocrx_word' id='word_1_328' title='bbox 1056 3541 1076 3589; x_wconf 86' lang='grc' dir='ltr'><strong><em>λ</em></strong></span> <span class='ocrx_word' id='word_1_329' title='bbox 1112 3539 1163 3590; x_wconf 81' lang='lat' dir='ltr'><strong><em>Sed</em></strong></span> <span class='ocrx_word' id='word_1_330' title='bbox 1186 3547 1296 3605; x_wconf 79' lang='lat' dir='ltr'><strong>utraque</strong></span> 
     </span>
     <span class='ocr_line' id='line_1_56' title="bbox 812 3608 1295 3673; baseline 0 -16"><span class='ocrx_word' id='word_1_331' title='bbox 812 3609 971 3658; x_wconf 84' lang='lat' dir='ltr'><strong>constructio</strong></span> <span class='ocrx_word' id='word_1_332' title='bbox 990 3614 1135 3673; x_wconf 86' lang='lat' dir='ltr'><strong>permutata</strong></span> <span class='ocrx_word' id='word_1_333' title='bbox 1151 3615 1190 3671; x_wconf 90' lang='lat' dir='ltr'><strong><em>et,</em></strong></span> <span class='ocrx_word' id='word_1_334' title='bbox 1213 3615 1243 3658; x_wconf 90' lang='lat' dir='ltr'><strong><em>ut</em></strong></span> <span class='ocrx_word' id='word_1_335' title='bbox 1258 3608 1295 3672; x_wconf 84' lang='lat' dir='ltr'><strong><em>fit,</em></strong></span> 
     </span>
     <span class='ocr_line' id='line_1_57' title="bbox 812 3677 1297 3742; baseline 0.004 -18"><span class='ocrx_word' id='word_1_336' title='bbox 812 3677 841 3724; x_wconf 88' lang='lat' dir='ltr'><strong>in</strong></span> <span class='ocrx_word' id='word_1_337' title='bbox 858 3691 938 3725; x_wconf 89' lang='lat' dir='ltr'><strong>unum</strong></span> <span class='ocrx_word' id='word_1_338' title='bbox 955 3678 1066 3728; x_wconf 86' lang='lat' dir='ltr'><strong>confusa</strong></span> <span class='ocrx_word' id='word_1_339' title='bbox 1081 3685 1128 3727; x_wconf 81' lang='lat' dir='ltr'><strong><em>est</em></strong></span> <span class='ocrx_word' id='word_1_340' title='bbox 1154 3677 1236 3727; x_wconf 82' lang='lat' dir='ltr'><strong>Cuius</strong></span> <span class='ocrx_word' id='word_1_341' title='bbox 1252 3694 1297 3742; x_wconf 84' lang='lat' dir='ltr'><strong><em>ge·</em></strong></span> 
     </span>
     <span class='ocr_line' id='line_1_58' title="bbox 812 3744 1294 3810; baseline 0.006 -18"><span class='ocrx_word' id='word_1_342' title='bbox 812 3744 884 3794; x_wconf 88' lang='lat' dir='ltr'><strong>neris</strong></span> <span class='ocrx_word' id='word_1_343' title='bbox 894 3745 1014 3810; x_wconf 87' lang='lat' dir='ltr'><strong>exempla</strong></span> <span class='ocrx_word' id='word_1_344' title='bbox 1030 3746 1104 3795; x_wconf 85' lang='lat' dir='ltr'><strong>affert</strong></span> <span class='ocrx_word' id='word_1_345' title='bbox 1120 3746 1294 3795; x_wconf 87' lang='lat' dir='ltr'><strong>Matthiae.</strong></span> 
     </span>
     <span class='ocr_line' id='line_1_59' title="bbox 814 3811 1295 3878; baseline 0.006 -17"><span class='ocrx_word' id='word_1_346' title='bbox 814 3813 858 3861; x_wconf 88' lang='lat' dir='ltr'><strong><em>Gr.</em></strong></span> <span class='ocrx_word' id='word_1_347' title='bbox 884 3812 962 3878; x_wconf 82' lang='lat' dir='ltr'><strong>ampl.</strong></span> <span class='ocrx_word' id='word_1_348' title='bbox 987 3815 1009 3875; x_wconf 67' lang='lat'><strong><em>§-</em></strong></span> <span class='ocrx_word' id='word_1_349' title='bbox 1035 3811 1093 3866; x_wconf 77' lang='lat'><strong>632.</strong></span> <span class='ocrx_word' id='word_1_350' title='bbox 1141 3814 1201 3865; x_wconf 88' lang='lat' dir='ltr'><strong>Nisi</strong></span> <span class='ocrx_word' id='word_1_351' title='bbox 1230 3814 1295 3864; x_wconf 86' lang='lat' dir='ltr'><strong>forte</strong></span> 
     </span>
     <span class='ocr_line' id='line_1_60' title="bbox 813 3879 1296 3944; baseline 0.004 -16"><span class='ocrx_word' id='word_1_352' title='bbox 813 3880 959 3944; x_wconf 89' lang='lat' dir='ltr'><strong>simplicius</strong></span> <span class='ocrx_word' id='word_1_353' title='bbox 986 3886 1026 3932; x_wconf 89' lang='lat' dir='ltr'><strong><em>est</em></strong></span> <span class='ocrx_word' id='word_1_354' title='bbox 1051 3887 1111 3932; x_wconf 83' lang='lat' dir='ltr'><strong>ante</strong></span> <span class='ocrx_word' id='word_1_355' title='bbox 1138 3879 1193 3931; x_wconf 85' lang='grc' dir='ltr'><strong><em>ὅσοι</em></strong></span> <span class='ocrx_word' id='word_1_356' title='bbox 1220 3881 1296 3931; x_wconf 89' lang='lat' dir='ltr'><strong>intel·</strong></span> 
     </span>
     <span class='ocr_line' id='line_1_61' title="bbox 812 3945 1019 4029; baseline 0.02 -32"><span class='ocrx_word' id='word_1_357' title='bbox 812 3948 894 4029; x_wconf 81' lang='lat' dir='ltr'><strong>ligere</strong></span> <span class='ocrx_word' id='word_1_358' title='bbox 913 3945 1019 4002; x_wconf 70' lang='grc' dir='ltr'><strong><em>τούτοις</em></strong></span> 
     </span>
    </p>
   </div>
   <div class='ocr_carea' id='block_1_9' title="bbox 809 4011 1296 4081">
    <p class='ocr_par' dir='ltr' id='par_1_13' title="bbox 809 4011 1296 4081">
     <span class='ocr_line' id='line_1_62' title="bbox 809 4011 1296 4081; baseline -0.002 -16"><span class='ocrx_word' id='word_1_359' title='bbox 809 4017 811 4027; x_wconf 76' lang='grc'>’</span> <span class='ocrx_word' id='word_1_360' title='bbox 848 4011 1169 4081; x_wconf 76' lang='grc' dir='ltr'><strong><em>φάσκοντειγδρ-Ῑ</em></strong></span> <span class='ocrx_word' id='word_1_361' title='bbox 1188 4016 1296 4065; x_wconf 88' lang='lat' dir='ltr'><strong>Deaen-</strong></span> 
     </span>
    </p>
   </div>
   <div class='ocr_carea' id='block_1_10' title="bbox 811 4083 1297 4488">
    <p class='ocr_par' dir='ltr' id='par_1_14' title="bbox 811 4083 1297 4488">
     <span class='ocr_line' id='line_1_63' title="bbox 812 4083 1296 4134; baseline -0.002 -1"><span class='ocrx_word' id='word_1_362' title='bbox 812 4084 896 4133; x_wconf 89' lang='lat' dir='ltr'><strong>tentia</strong></span> <span class='ocrx_word' id='word_1_363' title='bbox 912 4084 1046 4134; x_wconf 84' lang='lat' dir='ltr'><strong>commode</strong></span> <span class='ocrx_word' id='word_1_364' title='bbox 1063 4083 1182 4133; x_wconf 81' lang='lat' dir='ltr'><strong>laudavit</strong></span> <span class='ocrx_word' id='word_1_365' title='bbox 1199 4083 1296 4133; x_wconf 91' lang='lat' dir='ltr'><strong>Hein-</strong></span> 
     </span>
     <span class='ocr_line' id='line_1_64' title="bbox 812 4148 1295 4216; baseline 0.002 -16"><span class='ocrx_word' id='word_1_366' title='bbox 812 4150 895 4200; x_wconf 82' lang='lat' dir='ltr'><strong>dorf.</strong></span> <span class='ocrx_word' id='word_1_367' title='bbox 917 4151 1062 4216; x_wconf 74' lang='lat' dir='ltr'><strong>Xenopn</strong></span> <span class='ocrx_word' id='word_1_368' title='bbox 1085 4152 1163 4200; x_wconf 87' lang='lat' dir='ltr'><strong>Mem.</strong></span> <span class='ocrx_word' id='word_1_369' title='bbox 1182 4150 1207 4214; x_wconf 89' lang='lat'><strong><em>1,</em></strong></span> <span class='ocrx_word' id='word_1_370' title='bbox 1224 4149 1253 4214; x_wconf 81' lang='lat'><strong><em>2,</em></strong></span> <span class='ocrx_word' id='word_1_371' title='bbox 1272 4148 1295 4201; x_wconf 82' lang='grc'><strong>7.</strong></span> 
     </span>
     <span class='ocr_line' id='line_1_65' title="bbox 812 4216 1296 4283; baseline 0.004 -16"><span class='ocrx_word' id='word_1_372' title='bbox 812 4219 916 4269; x_wconf 86' lang='lat' dir='ltr'><strong>Isocr.</strong></span> <span class='ocrx_word' id='word_1_373' title='bbox 938 4219 1026 4269; x_wconf 78' lang='lat' dir='ltr'><strong>contr.</strong></span> <span class='ocrx_word' id='word_1_374' title='bbox 1044 4219 1158 4283; x_wconf 80' lang='lat' dir='ltr'><strong>Sophist.</strong></span> <span class='ocrx_word' id='word_1_375' title='bbox 1181 4219 1206 4279; x_wconf 71' lang='lat'><strong><em>§-</em></strong></span> <span class='ocrx_word' id='word_1_376' title='bbox 1225 4216 1252 4268; x_wconf 97' lang='grc'><strong>5</strong></span> <span class='ocrx_word' id='word_1_377' title='bbox 1271 4217 1296 4269; x_wconf 92' lang='grc'><strong>6</strong></span> 
     </span>
     <span class='ocr_line' id='line_1_66' title="bbox 812 4285 1296 4352; baseline 0 -16"><span class='ocrx_word' id='word_1_378' title='bbox 812 4287 969 4352; x_wconf 83' lang='lat' dir='ltr'><strong>Exemplum</strong></span> <span class='ocrx_word' id='word_1_379' title='bbox 982 4289 1019 4338; x_wconf 88' lang='lat' dir='ltr'><strong>rei</strong></span> <span class='ocrx_word' id='word_1_380' title='bbox 1031 4287 1147 4337; x_wconf 83' lang='lat' dir='ltr'><strong>narravit</strong></span> <span class='ocrx_word' id='word_1_381' title='bbox 1165 4285 1296 4336; x_wconf 84' lang='lat' dir='ltr'><strong>Gellius</strong></span> 
     </span>
     <span class='ocr_line' id='line_1_67' title="bbox 812 4350 1297 4417; baseline 0 -11"><span class='ocrx_word' id='word_1_382' title='bbox 812 4355 846 4406; x_wconf 87' lang='lat' dir='ltr'><strong><em>N.</em></strong></span> <span class='ocrx_word' id='word_1_383' title='bbox 862 4355 894 4404; x_wconf 83' lang='lat' dir='ltr'><strong><em>A.</em></strong></span> <span class='ocrx_word' id='word_1_384' title='bbox 912 4356 944 4417; x_wconf 81' lang='lat' dir='ltr'><strong><em>V,</em></strong></span> <span class='ocrx_word' id='word_1_385' title='bbox 963 4354 1003 4407; x_wconf 90' lang='lat'><strong><em>10.</em></strong></span> <span class='ocrx_word' id='word_1_386' title='bbox 1037 4357 1183 4406; x_wconf 85' lang='lat' dir='ltr'><strong>Pronomen</strong></span> <span class='ocrx_word' id='word_1_387' title='bbox 1201 4350 1297 4406; x_wconf 68' lang='grc' dir='ltr'><strong><em>αύτούς</em></strong></span> 
     </span>
     <span class='ocr_line' id='line_1_68' title="bbox 811 4392 1297 4488; baseline -0.002 -15"><span class='ocrx_word' id='word_1_388' title='bbox 811 4429 871 4488; x_wconf 87' lang='lat' dir='ltr'><strong>post</strong></span> <span class='ocrx_word' id='word_1_389' title='bbox 883 4419 919 4476; x_wconf 82' lang='grc' dir='ltr'><strong><em>ῶι</em></strong></span> <span class='ocrx_word' id='word_1_390' title='bbox 935 4392 1053 4474; x_wconf 79' lang='grc' dir='ltr'><strong><em>ὅδιιιονοι</em></strong></span> <span class='ocrx_word' id='word_1_391' title='bbox 1070 4428 1140 4488; x_wconf 73' lang='grc' dir='ltr'><strong><em>σφᾶς</em></strong></span> <span class='ocrx_word' id='word_1_392' title='bbox 1158 4423 1297 4474; x_wconf 86' lang='lat' dir='ltr'><strong>Bekker.</strong></span> 
     </span>
    </p>
   </div>
   <div class='ocr_carea' id='block_1_11' title="bbox 0 0 1626 5259">
    <p class='ocr_par' dir='ltr' id='par_1_15' title="bbox 0 0 1626 5259">
     <span class='ocr_line' id='line_1_69' title="bbox 0 0 1626 5259; baseline 0 1"><span class='ocrx_word' id='word_1_393' title='bbox 0 0 1626 5259; x_wconf 95' lang='lat' dir='ltr'><strong><em> </em></strong></span> 
     </span>
    </p>
   </div>
  </div>
 </body>
</html>
