3242 5259
356 601 416 654 232

771 593 968 652 PLA'lONIS

456 759 501 832 τίς
521 757 548 820 δ’
570 751 668 834 οἶδεν,
690 757 717 819 εἰ
737 755 773 819 τὸ
795 759 852 836 ζῆν
872 753 931 837 μέν
952 753 1018 819 ἐστι
1037 762 1223 828 κατθανεῖν,

457 857 493 918 τὸ
514 859 689 917 κατθανεῖν
709 853 743 916 δὲ
766 856 838 935 ζῆνς

273 962 335 1024 493
358 949 409 1014 καὶ
431 951 520 1033 ἡμεῖς
540 959 584 1030 τῷ
606 955 675 1014 ὄντι
696 950 772 1024 ἴσως
792 947 967 1030 τέθναμεν·
999 944 1076 1031 ὅπερ
1105 951 1167 1032 ἤδη
1189 972 1251 1015 που
1272 948 1365 1033 ἔγωγε

358 1047 411 1113 καὶ
431 1053 556 1130 ἤκουσα
576 1051 642 1112 τῶν
663 1052 784 1129 σοφιόν,
808 1049 849 1121 ὡς
870 1057 933 1110 νῦν
952 1047 1041 1129 ἡμεῖς
1061 1044 1242 1127 τέθναμεν,
1264 1047 1317 1112 καὶ
1338 1047 1370 1112 τὸ

358 1147 417 1226 μὲν
438 1151 528 1229 σῶμά
549 1145 634 1211 ἐστιν
652 1147 730 1229 ἡμῖν
750 1155 852 1227 σῆμα,
880 1155 936 1227 τῆς
965 1144 1000 1208 δὲ
1019 1153 1125 1227 ψυχῆς
1145 1155 1265 1220 τοῦτο,
1294 1143 1329 1209 ἐν
1348 1136 1370 1209 ὦ

409 1356 437 1406 P.
455 1353 514 1405 493.
549 1351 628 1419 ὅπερ
654 1351 713 1421 ἤδη
742 1372 795 1403 τον
825 1356 926 1420 ἔγωγε
949 1355 1001 1403 καὶ
1026 1349 1079 1420 ἤια]
1121 1351 1186 1419 ὅπερ
1212 1370 1262 1404 om.
1287 1355 1369 1406 Clark.

359 1423 418 1473 Vat
443 1423 521 1472 Coisl.
545 1422 621 1472 vind.
646 1423 669 1473 1.
688 1422 711 1473 6.
735 1424 793 1472 Par.
816 1422 973 1471 BCEFW.
1007 1422 1075 1471 Flor.
1094 1423 1161 1471 ab.
1179 1437 1203 1471 e.
1221 1423 1291 1472 im.
1309 1439 1331 1472 o.
1348 1441 1371 1473 ιι.

360 1492 431 1541 Stoh.
453 1491 561 1555 Eulogg.
584 1489 643 1539 Eth
665 1491 746 1539 Sorm.
770 1489 876 1541 1208.

901 1488 958 1539 118.
993 1490 1116 1539 Trinoav.
1140 1495 1166 1539 ot
1189 1489 1252 1540 odit.
1274 1492 1334 1541 Bas.
1349 1491 1371 1541 2

360 1560 433 1620 Quae
451 1558 555 1607 omissio
573 1559 750 1640 pronominis
749 1557 818 1607 unde
836 1564 892 1607 orta
909 1559 950 1618 sit,
967 1557 1037 1606 infra
1053 1557 1268 1622 significavimus.
1287 1559 1371 1608 Herm.

360 1642 419 1676 oum
436 1624 567 1675 Badhamo
585 1625 634 1675 Ι..ο
652 1642 716 1675 εοιι.
735 1647 750 1691 ῃ
742 1616 802 1690 ’δὴ
818 1640 864 1690 pro
879 1621 935 1689 ἤδη,
954 1624 1023 1689 quod
1041 1626 1184 1675 sententiae
1203 1642 1256 1675 non
1275 1627 1372 1676 videtur

360 1695 423 1743 satis
442 1694 587 1742 convenire

412 1756 534 1810 ἐστιν
519 1766 595 1827 ημῖν
614 1758 705 1826 σῆμα]
724 1761 755 1808 V
775 1757 847 1824 ἡμῶν
863 1759 954 1808 invitia
972 1759 1102 1824 plerisque
1120 1759 1195 1809 codd.

411 1820 486 1894 ε’νῷ
507 1826 699 1893 ἐπιθυμίαι]
736 1827 824 1892 Steph.
847 1817 915 1874 ἐν’
897 1845 917 1875 α
936 1826 964 1875 αι
981 1825 1035 1884 επ
1058 1833 1089 1877 ut
1111 1827 1190 1877 habet
1208 1844 1267 1877 oum
1286 1844 1372 1894 paucio

362 2028 523 2079 Stobaeus
557 2031 671 2082 Sermon
701 2030 780 2082 CXX
815 2036 840 2078 ot

361 2096 569 2147 lamblichus
588 2099 712 2163 Protrmept
727 2097 798 2148 Orat.
818 2114 840 2145 ο.

361 2163 401 2215 17.
418 2182 463 2215 mu
463 2166 523 2216 utra
540 2173 627 2215 tamen
641 2166 682 2226 iis,
699 2181 766 2228 quae
780 2181 841 2214 oon·

361 2234 419 2284 silio
437 2249 484 2283 auo
502 2234 588 2283 minus
605 2233 795 2318 responderent.

394 2299 426 2350 λε’
456 2318 514 2350 ων
544 2318 593 2352 τιε
623 2297 644 2349 δ’
673 2293 767 2350 οἶδεν
792 2299 840 2365 -]

361 2319 507 2418 Scholiasta
491 2384 614 2418 aversus
637 2374 735 2418 sumtoa
753 2377 842 2416 censet

361 2453 375 2486 e
392 2437 489 2486 lhrixo
507 2436 612 2498 fabula,
633 2436 678 2486 sed
702 2437 785 2501 magis
803 2439 842 2484 est

360 2505 501 2554 verisimile
524 2520 568 2554 aon
591 2521 624 2553 ex
646 2503 756 2568 Polyido
785 2519 842 2553 ease

360 2572 512 2637 depromtoa.
525 2588 548 2625 v,
560 2572 713 2624 Gatakar.
732 2570 841 2622 Advers.

359 2641 431 2692 mise.
463 2656 484 2690 o.
506 2641 581 2704 X.p
583 2637 671 2693 ..523
699 2638 841 2690 Bentloi.

360 2708 441 2772 Epist.
424 2707 491 2757 tad
508 2706 621 2757 Millium
639 2724 663 2772 p.
675 2705 715 2760 31.
735 2716 760 2757 et
778 2721 843 2771 quos

360 2774 526 2826 laudavitA
544 2775 720 2824 Matthiae.
738 2777 842 2840 Fragm

360 2841 482 2905 Euripp
484 2839 566 2893 .311.

394 2909 423 2960 P.
425 2857 530 2959 ρ433.
517 2925 594 2970 οπερ
615 2904 675 2972 ἥδη
695 2925 749 2956 του
768 2908 841 2972 ε’γιο-

361 2975 471 3040 γεκαὶ
501 2971 667 3039 ἥκουσαι.
693 2973 724 3040 o]
773 2976 843 3025 Male

363 3041 436 3093 codd.
473 3042 572 3106 aliquot
606 3041 672 3105 ὅπερ
713 3043 842 3092 omittunt.

363 3110 465 3175 Quippe
488 3111 573 3159 uinum
591 3119 629 3159 est
647 3111 744 3160 criticis
762 3111 842 3159 abun-

363 3177 430 3226 dare.
479 3179 513 3227 At
535 3177 601 3227 solet
622 3186 680 3242 post
701 3194 841 3243 pronomen

362 3244 498 3295 relativum
516 3261 568 3295 ιιοιι
586 3263 643 3296 raro
664 3246 724 3296 addi
741 3253 799 3296 sent
800 3261 843 3294 en·

362 3312 414 3375 tia,
432 3329 484 3376 qua
500 3314 557 3363 eius
576 3315 614 3364 vis
632 3313 737 3364 uberius
755 3329 786 3362 ao
804 3315 842 3362 fu-

362 3383 416 3432 sius
433 3381 583 3434 illustretur.
601 3398 626 3430 v.
645 3382 677 3432 ad
695 3398 719 3444 p.
736 3379 793 3433 500.
813 3382 842 3430 0.

362 3451 402 3498 lle
420 3451 559 3498 sententia:
588 3446 623 3501 άε
644 3455 693 3499 νιῑν
711 3444 785 3514 ἡμεῖς
804 3448 841 3497 ιε’-

363 3518 472 3576 θναμεν,
491 3517 642 3566 Clemens
660 3515 841 3567 Alexandr

363 3586 455 3637 Strom.
474 3601 498 3649 p.
516 3582 580 3634 434:
604 3588 630 3633 τί
652 3583 695 3645 δέ,’
724 3579 780 3647 αάχὶ
800 3585 841 3633 καὶ

362 3648 521 3714 Ἡράκλειτος
537 3653 656 3701 θάνατοι
673 3653 722 3712 μὲν
738 3650 843 3717 γένεσιν

362 3721 447 3777 ualet}
469 3718 631 3800 Πυθαγόρας
650 3720 680 3769 δὲ
698 3722 739 3770 καὶ
758 3737 793 3785 ιφ
812 3717 843 3768 ἐι

365 3787 466 3870 Γοργιᾳ
491 3785 624 3850 Σωκράτει
648 3771 783 3851 ἐμφερῶς,
814 3785 843 3836 ἐν

362 3849 403 3905 σιέ
437 3869 531 3918 φησιν·
574 3854 718 3917 θάνατός
754 3853 844 3904 ἐστιν

361 3913 842 4002 οκόσαέγερθένιεεὸρέωμεν,

361 3984 709 4048 σ’κάσαδὲεΰδοντεε,
729 4006 842 4042 :Muros

362 4056 448 4105 Sext
466 4058 585 4120 Empir.
604 4026 730 4120 Pyrrhon
745 4058 842 4121 Hypot.

362 4125 414 4185 ΙΙΙ,
443 4122 490 4174 24:
512 4121 719 4208 o‘llpduleuo'p
748 4139 842 4209 φησιν,

363 4189 400 4239 ὅτι
423 4191 464 4240 καὶ
494 4188 520 4241 τὸ
546 4196 595 4257 ζῆι
618 4194 659 4242 καὶ
688 4191 714 4244 τὸ
738 4189 843 4243 dnona-

365 4264 421 4306 νεῖν
438 4260 479 4307 καὶ
499 4258 529 4308 ἐν
548 4279 581 4326 τῳ
597 4257 673 4325 ζῆν
659 4259 787 4326 ημᾶεέσιι
800 4262 841 4310 καὶ

364 4322 394 4371 ἑν
417 4330 450 4389 τῷ
478 4312 616 4376 τεθνάναι
645 4326 687 4379 ὅτε
715 4328 764 4410 μὲν
779 4324 842 4411 γὰρ

365 4386 434 4454 ἦμεῑε
458 4395 554 4454 ζῶμεν,
587 4393 631 4447 uis
660 4392 743 4461 φνχάε
770 4392 844 4460 ἡμῶν

894 2030 1018 2079 τεθνάναι
1037 2029 1111 2080 καὶ
1098 2048 1128 2078 εν
1153 2027 1216 2111 ἡμῖν
1235 2030 1372 2094 τειάφθαι

891 2095 933 2146 ὅτε
953 2093 1014 2146 δὲ*
1000 2105 1074 2160 ημεῑε
1091 2094 1316 2165 ἀποθνήσκομεν,
1335 2097 1372 2150 uis

893 2164 977 2246 pexus
995 2162 1126 2230 άιαβισῦι
1149 2166 1191 2215 καὶ
1211 2170 1270 2233 ζῆν.
1306 2169 1372 2230 Quae

892 2234 943 2282 iam
979 2233 1173 2286 Findoiaon.
1210 2237 1372 2314 comparavit

892 2301 1014 2350 Proxima
1048 2301 1268 2350 sententiata}
1306 2299 1372 2362 σῶμά

893 2364 991 2417 ἐστιτ*
961 2374 1040 2433 ημῑι
1057 2374 1132 2433 σῆμα
1150 2369 1290 2434 attingitur
1300 2371 1371 2420 etum

893 2435 992 2500 Cratyl.
1011 2452 1034 2500 p.
1049 2397 1109 2488 400
1122 2438 1156 2486 Β.
1177 2438 1220 2486 καὶ
1239 2435 1291 2503 γάρ
1311 2435 1373 2522 oppa

895 2502 960 2555 τινέε
979 2519 1062 2566 φασιν
1077 2500 1142 2554 αὐτὸ
1158 2502 1198 2570 (τὸ
1215 2506 1298 2568 σῶμα)
1311 2523 1373 2555 ειναι

895 2575 938 2635 τῆς
962 2577 1056 2637 ψυχῆς,
1088 2568 1124 2624 oto
1154 2572 1319 2637 τεθαμμένηε
1346 2571 1373 2622 ἐν

894 2644 929 2704 :pi
949 2643 999 2688 νῦν
1021 2637 1139 2703 παρόντι.
1173 2640 1217 2690 Ad
1239 2656 1317 2705 quem
1340 2642 1372 2690 lo

894 2722 953 2756 oum
971 2707 1204 2757 Theodorotua
1223 2709 1315 2762 Graec.
1333 2710 1372 2759 ΔΙ-

893 2776 951 2823 t'eot.
971 2775 1031 2825 Cur.
1049 2775 1079 2826 V.
1104 2791 1128 2839 p.
1147 2773 1206 2825 544.
1230 2793 1247 2826 a
1265 2777 1372 2827 Bouthio

893 2841 1013 2892 laudatus
1030 2843 1068 2892 ita
1083 2851 1287 2894 commentatur:
1307 2844 1372 2904 Σάμ·

895 2927 973 2993 φαινα
997 2909 1028 2959 δὲ
1055 2907 1154 2959 τούτων
1182 2912 1224 2960 καὶ
1255 2909 1374 2964 Φιλόλαοι

893 2974 1123 3043 άΙΙνθαγόρειοε
1156 2977 1218 3043 ἔφη
1254 2977 1322 3045 λέγει
1347 2979 1373 3028 δὲ

893 3036 959 3095 ὦδε·
977 3044 1166 3106 μαρτνρέονιοι
1185 3045 1216 3095 δὲ
1234 3049 1279 3097 καὶ
1293 3047 1320 3096 οἱ
1330 3065 1372 3096 πα-

894 3114 960 3161 λαιοὶ
990 3110 1114 3193 θεολόγοι
1143 3130 1168 3162 τε
1197 3114 1241 3163 καὶ
1266 3112 1372 3198 privtum,

894 3179 930 3232 oie
954 3178 996 3229 διά
1019 3198 1089 3232 τιναςΙ
1111 3184 1235 3243 τιμωρίαι
1269 3178 1285 3247 ἡ
1310 3181 1373 3246 ψυχὴ

896 3254 929 3297 uo
948 3244 1043 3308 σάματι
1070 3247 1240 3310 συνέζευκται
1264 3250 1308 3299 καὶ
1333 3267 1373 3299 κα·

895 3301 1014 3378 θάπερ’
1001 3333 1032 3364 εν
1045 3313 1133 3379 σήματι
1149 3314 1230 3366 τούτω
1247 3316 1371 3368 τέθαπται.

893 3384 966 3433 Haeo
984 3382 1102 3433 Philolao
1125 3369 1262 3434 vinditiano
1279 3385 1373 3435 studuit

893 3451 1081 3500 Boeekhius
1121 3452 1162 3500 Do
1196 3452 1317 3503 Philoleo
1350 3469 1373 3517 p.

894 3518 942 3568 181
961 3535 1031 3583 seqq.
1054 3519 1182 3569 Nimirum
1198 3521 1304 3570 transiit
1321 3537 1373 3571 son·

894 3587 976 3636 tentia
998 3588 1030 3635 ab
1049 3585 1168 3651 Orphioia
1193 3587 1228 3637 ad
1246 3589 1374 3654 Pythago·

894 3670 966 3704 reos:
986 3669 1062 3717 quam
1081 3655 1208 3720 originem
1226 3656 1284 3706 eiua
1300 3663 1372 3706 teota-

893 3727 935 3771 tur
952 3727 1042 3771 auctor
1058 3721 1287 3787 locupletissimus.
1310 3725 1372 3774 Nem

894 3791 949 3853 ipso
966 3789 1041 3839 Plato
1061 3789 1158 3854 Cratyl.
1176 3790 1194 3839 Ι.
1212 3806 1252 3840 αι
1272 3791 1373 3842 δοκοῦσι

894 3874 942 3916 μει
944 3873 981 3905 τοι
1010 3874 1053 3917 μοι
1082 3854 1190 3917 μάλιστα
1217 3857 1321 3910 θέσθαι
1350 3857 1374 3907 σι’

894 3921 962 3986 ἅμα)
992 3920 1090 3987 Ὀρφέα
1120 3932 1196 3975 τοῦτο
1227 3924 1255 3975 τὸ
1286 3922 1373 3987 ὄνομα,

894 3989 929 4043 oie
954 3992 1031 4074 δι’κηι
1056 3990 1183 4057 διδούσης
1212 3999 1257 4060 τῆς
1286 4000 1373 4059 ψυχῆε

895 4061 934 4108 ὠν
969 4056 1000 4124 δὴ
1034 4059 1111 4110 ἕνεκα
1147 4058 1268 4112 δίδωσιν.
1312 4062 1373 4112 oonf.

894 4126 1039 4177 Lobaek.
1070 4127 1244 4194 Aglaopham.
1275 4146 1300 4196 p
1328 4128 1374 4181 795

895 4210 984 4343 sege
1009 4261 1044 4312 δὲ
1067 4268 1173 4329 ψυχῆς
1204 4269 1315 4326 τοῦτο,
1343 4263 1373 4314 ἐν

896 4347 916 4377 ιο
945 4328 1046 4396 ama]
1083 4348 1118 4380 ea
1153 4331 1258 4380 animi
1290 4348 1374 4416 para,

895 4413 979 4461 quae
1002 4397 1087 4448 alibi
1110 4403 1250 4450 vocatur
1273 4399 1300 4450 τὸ
1324 4399 1373 4450 ε’πι
