3242 5259
512 589 696 651 GORGIAS.
718 592 751 650 P.
776 595 846 650 512.
870 595 940 650 513.
962 593 1007 651 sd.
1030 593 1074 651 st.
1242 595 1302 652 297

286 746 313 818 ὦ
336 753 497 835 δαιμόνιε,
527 754 704 836 πεισόμεθα
733 747 811 836 ὅπερ
833 753 913 836 φασὶ
933 752 990 828 τὰς
1009 755 1069 836 τὴν
1089 756 1228 838 σελήνην
1247 779 1303 819 κα·

285 852 488 933 θαιρούσας,
515 851 572 924 τὰς
596 851 803 930 Θετταλίδας,
833 844 897 915 σὺν
923 856 993 926 τοῖς·
1018 853 1180 931 φιλτάτοις
1209 853 1231 934 ἡ
1257 853 1303 916 αἵ-

285 967 373 1031 ρεσις
404 951 483 1033 ἡμῖν
511 944 597 1013 ἔσται
625 950 744 1031 ταύτης
772 959 829 1031 τῆς
848 948 1015 1032 δυνάμεως
1044 960 1101 1032 τῆς
1128 947 1163 1013 ἐν
1191 961 1229 1032 τῇ
1246 952 1302 1014 πό-

284 1052 342 1112 λει.
385 1049 412 1111 εἰ
446 1044 480 1111 de'
516 1060 567 1110 σοι
602 1046 662 1111 οἴει
689 1046 843 1110 ὁντινοῦν
880 1047 1068 1125 ἀνθρώπων
1100 1049 1303 1126 παραδώσειν

284 1143 403 1227 τέχνην
421 1143 495 1209 τινὰ
514 1145 678 1226 τοιαύτην,
697 1145 766 1228 ἣτις
785 1158 819 1206 σε
840 1146 964 1227 ποιήσει
984 1140 1065 1225 μέγα
1084 1145 1246 1209 δύνασθαι
1266 1144 1301 1209 ἐν
1335 1143 1365 1207 Β

284 1253 327 1324 τῇ
355 1242 446 1306 πόλει
470 1242 545 1324 τῇδε
575 1243 732 1325 οένόμοιον
759 1246 839 1306 ὄντα
866 1252 905 1323 τῇ
933 1244 1075 1325 πολιτείᾳ
1103 1237 1156 1306 εἴτ’
1185 1241 1236 1306 ἐπὶ
1266 1241 1302 1306 τὸ

285 1339 415 1423 βέλτιον
444 1332 495 1403 εἴτ’
523 1338 574 1403 ἐπὶ
602 1340 639 1403 τὸ
666 1344 792 1421 χεῖρον,
820 1338 864 1413 ὡς
886 1337 956 1421 ἐμοὶ
975 1339 1081 1416 δοκεῖ,
1113 1335 1174 1404 οὐκ
1194 1340 1303 1421 ὀρθῶς

338 1558 367 1605 Ρ.
386 1553 443 1606 513.
463 1560 504 1622 τῷ
522 1553 610 1622 δήμῳ
629 1560 669 1623 τῷ
685 1552 890 1622 Ἀθηναίων]
909 1556 1259 1609 siePar.Bch.F10r.
1278 1575 1301 1607 a.

286 1628 323 1690 τῷ
340 1620 507 1690 Ἀθηναίων,
525 1623 595 1687 quod
612 1625 710 1689 recepit
726 1624 839 1676 Bekker.
865 1625 943 1691 Vulg.
962 1630 997 1692 τῷ
1015 1625 1038 1674 ὅ.
1056 1631 1116 1684 τῶν,
1139 1626 1209 1676 unde
1225 1627 1302 1677 facile

286 1692 428 1757 exsculpas
446 1696 481 1758 τῷ
498 1696 551 1740 τῶν
566 1687 728 1757 Ἀθηναίων.

339 1757 529 1819 πεισόμεθα
547 1756 628 1823 ὅπερ
648 1759 739 1824 φασὶ]
758 1760 790 1810 V.
808 1757 969 1820 πεισοίμεθα,
986 1761 1069 1809 forma
1086 1761 1198 1811 soloeoa.
1223 1762 1302 1811 Recte

287 1827 377 1878 Clark.
396 1828 453 1877 Vat
478 1825 557 1876 Coisl.
581 1828 640 1881 Par.
663 1827 782 1878 EIVW.
800 1827 875 1878 Bodl.
898 1833 924 1877 et
945 1843 984 1893 pr.
1002 1827 1079 1878 Vind.
1097 1826 1122 1880 2.
1147 1827 1300 1889 πεισόμεθα.

284 1897 321 1945 Et
337 1895 456 1960 sequitur
473 1895 551 1944 etiam
567 1895 595 1944 in
613 1895 742 1945 sententia
757 1894 942 1946 illustrationis
960 1912 1052 1946 oaussa
1069 1895 1170 1947 adiecta
1186 1898 1301 1947 futurum

285 1964 365 2012 ἔσται.
409 1963 477 2012 Dein
503 1960 655 2014 Θετταλιθοε
684 1962 773 2013 Clark.
801 1964 860 2013 Vat.
887 1964 952 2013 Ven.
977 1965 1008 2015 Σ.
1032 1964 1109 2014 Vind.
1133 1963 1157 2015 2.
1181 1962 1205 2014 l.
1233 1966 1299 2031 Aug.

284 2033 392 2082 Meerm.
410 2031 479 2084 Flor.
497 2046 523 2078 x.
540 2046 599 2080 oum
617 2030 657 2080 sd.
674 2032 733 2081 Bes.
750 2028 774 2080 2.
809 2029 958 2096 Legebatur
973 2031 1053 2098 vulgo
1075 2029 1232 2083 θετταλιιιάο.

337 2099 370 2148 εἰ
393 2097 427 2148 δέ
451 2114 500 2149 σοι
523 2097 601 2164 οἴει]
636 2099 668 2152 V.
692 2094 801 2148 σὺοῖει.
837 2100 985 2150 correctum
1003 2114 1017 2148 e
1035 2099 1123 2150 Clark.
1141 2100 1200 2150 Vat.
1218 2099 1298 2149 Ooisl.

285 2168 345 2218 Par.
363 2166 487 2218 BOFW.

285 2388 339 2422 non
366 2371 457 2436 potuit.
486 2397 518 2407 -
548 2374 589 2420 τῶ
616 2365 704 2436 δήμῳ
729 2373 770 2436 τῷ
825 2366 975 2421 Θετταλίῦεε
992 2366 1108 2434 λέγονται
1126 2373 1179 2418 τῶν
1195 2365 1301 2432 ὀφθαλ-

286 2436 485 2504 Ἂθηναίων.
529 2421 616 2489 Habet
638 2437 703 2487 bueo
726 2453 770 2503 ap·
819 2442 878 2496 μιῦν
912 2436 954 2486 καλ
991 2441 1043 2485 τῶν
1077 2437 1168 2486 ποθῶν
1193 2438 1301 2502 (Zeno-

284 2509 380 2573 positio
398 2508 486 2556 neseio
504 2507 567 2570 quid
584 2505 721 2567 irrisionis,
740 2512 778 2555 ut.
821 2504 896 2554 bins
913 2505 963 2570 leg.
979 2502 1092 2566 παίδων)
1106 2506 1300 2567 στερίσκεσθαι.

284 2576 346 2625 huie
383 2575 440 2624 loeo
469 2574 546 2639 plane
575 2574 769 2624 accommodata
820 2573 920 2636 εἴρηται
943 2563 994 2621 οὖν
1011 2568 1027 2638 ἡ
1045 2575 1170 2636 παροιμία
1188 2571 1230 2621 ἐπὶ
1249 2576 1301 2621 τῶν

284 2644 326 2693 sit.
352 2643 405 2691 vid.
428 2641 460 2692 ad
484 2642 594 2708 Apolog.
619 2641 716 2692 Soorat.
742 2657 767 2707 p.
820 2639 922 2692 ἑαυτοῖς
951 2638 1014 2689 κακὰ
1043 2638 1241 2700 ἐπισπωμένων.
1266 2668 1299 2676 -

282 2709 324 2762 34.
346 2710 377 2763 Α.
396 2711 494 2760 Criton.
512 2726 536 2774 p.
554 2709 596 2760 51.
613 2710 646 2760 A.
678 2710 768 2774 ltaque
820 2707 862 2757 Ad
886 2707 954 2759 hano
977 2707 1115 2758 dictionem
1142 2707 1235 2757 deinde
1262 2725 1301 2758 re·

282 2778 419 2843 vulgatam
446 2777 584 2828 lectionem
612 2783 648 2844 τῷ
670 2777 693 2827 ὅ.
717 2782 769 2826 τῶν
820 2775 934 2840 spioiens
962 2775 1025 2825 dicit
1053 2771 1070 2839 ἡ
1098 2777 1229 2838 αἵρεσις
1258 2773 1298 2842 ἡμ.

283 2843 378 2911 Ἀθην.
397 2851 495 2895 mutare
512 2846 619 2910 placuit.
820 2843 903 2900 ἔσται,
926 2842 1019 2893 ludens
1041 2843 1069 2892 in
1086 2845 1158 2894 vocis
1174 2845 1301 2909 ambigui-

319 2911 407 2966 ὅπως
425 2912 520 2997 mi,-
532 2910 593 2963 σὺν
611 2918 681 2965 τοῖς
700 2913 767 2975 φιλ·
819 2917 881 2961 tate.
898 2912 989 2977 Itaque
1007 2913 1135 2961 sententia
1151 2914 1231 2964 totius
1247 2912 1298 2963 looi

284 2979 393 3034 ια’τοιε
444 3001 460 3046 η
504 2982 637 3045 αἴρεσιε
688 2977 768 3046 ἡμῖν
819 2980 884 3029 haeo
907 2987 959 3029 eet:
987 2979 1048 3031 hoo
1077 2980 1152 3031 vide
1175 2997 1213 3030 an
1237 2981 1300 3030 tibi

283 3045 441 3114 ἔσται-]
465 3050 551 3099 Verba
571 3047 765 3110 σὺντοῖεφιλ·
819 3048 978 3113 expediat
1009 3053 1109 3113 atque
1135 3049 1228 3112 mihi,
1262 3065 1300 3098 ne

284 3114 368 3168 initote
392 3143 425 3152 —
449 3120 493 3183 τῆε
516 3114 547 3166 ἐν
574 3121 604 3181 τῇ
627 3113 699 3165 πόλει
722 3132 768 3181 per
819 3115 918 3166 nobis
940 3115 1077 3166 aooidet
1106 3116 1191 3181 quod
1215 3117 1300 3166 soei·

282 3185 441 3249 epexegesin
465 3183 553 3234 addita
576 3189 637 3234 sunt
653 3186 767 3249 superio-
819 3183 899 3234 dere
917 3184 1031 3234 dicunt
1049 3185 1140 3249 sagis
1158 3184 1300 3235 Thessa·

282 3252 356 3302 ribus
375 3251 446 3304 dnus
464 3248 498 3317 μὴ
517 3249 768 3317 πεισόμεθατροοᾶ
819 3251 864 3301 lis
893 3253 1006 3302 lunam
1042 3251 1299 3313 deducentibus,

281 3335 368 3386 genus
384 3320 582 3370 constructionis
600 3319 674 3384 tetigi
692 3319 725 3368 ad
760 3356 766 3370 .
819 3318 984 3370 videlieet
1011 3333 1049 3368 ne
1085 3334 1155 3369 oum
1185 3318 1298 3369 damno

280 3387 342 3439 450.
366 3388 397 3439 A.
424 3388 534 3453 Apolog.
558 3388 656 3438 socrat.
678 3403 703 3452 p.
725 3337 766 3438 ll.
819 3402 942 3450 eorum,
971 3401 1053 3450 quae
1078 3386 1177 3436 nobis
1199 3387 1299 3436 earis-

282 3457 316 3506 A.
334 3461 361 3505 et
377 3472 438 3505 mox
454 3471 478 3520 p.
497 3453 555 3509 513.
574 3455 603 3509 O.
621 3455 648 3504 in
665 3455 765 3504 verbis:
819 3457 901 3504 sima
918 3469 992 3504 esse
1010 3451 1144 3515 debent,
1161 3455 1185 3503 h.
1199 3471 1221 3503 e.
1239 3469 1297 3503 eum

282 3522 408 3573 πέπονθα
432 3551 466 3560 -
492 3521 592 3576 πάθος·
626 3518 658 3572 οὐ
695 3519 766 3572 πάνυ
818 3522 913 3572 damno
930 3522 1034 3570 virtutis
1051 3521 1243 3585 ethonestatis,
1261 3521 1298 3571 ad

283 3607 326 3640 σοι
361 3592 498 3651 πείθομαι,
541 3606 630 3641 rursus
669 3591 766 3641 notavi.
818 3606 877 3640 nos
906 3589 1106 3639 deducamus
1137 3590 1237 3640 istam
1262 3590 1297 3639 in

281 3658 355 3709 Male
378 3659 443 3708 haee
465 3663 619 3708 convertunt
642 3659 766 3744 intorpre·
818 3657 960 3707 civitate
978 3658 1172 3722 potentiam.
1191 3661 1298 3709 Prover-

280 3735 335 3787 tes,
361 3727 437 3790 quasi
461 3723 523 3792 ἡμῖν
546 3727 611 3776 ἔσται
634 3742 680 3791 pro
706 3732 766 3792 ημῖν
817 3725 886 3775 biule
903 3724 1027 3790 loquendi
1043 3741 1127 3790 genus
1149 3741 1206 3776 esse
1228 3726 1298 3776 vide·

281 3796 354 3844 ἕσιαι
383 3795 514 3860 legissent.
537 3792 649 3858 -τὴν
676 3791 766 3858 σελή-
818 3799 860 3842 tur
888 3791 939 3842 σὺν
970 3799 1023 3844 τοῖο
1051 3790 1192 3855 φιλτάτοις,
1227 3810 1297 3845 oum

284 3881 348 3926 νην
366 3864 563 3926 καθαιρεῖν,
589 3861 699 3911 lunam
718 3861 766 3911 de·
817 3862 952 3912 iactura
975 3861 1232 3911 carissimorum
1254 3863 1298 3926 pi-

280 3931 412 3990 ducere,
429 3929 766 3995 frequenterdiounturre-
816 3946 961 3996 gnorum.
995 3929 1223 3980 Heindorfius
1253 3929 1296 3979 ἐπὶ

279 3997 380 4048 nefioae
393 3998 543 4048 Thessalae.
561 4014 586 4047 r.
604 3998 713 4063 interpp.
732 3997 765 4048 ad
817 4004 872 4050 τοῖε
890 4015 918 4060 φ.
944 3997 1068 4062 seriptum
1090 3997 1210 4048 malebat.
1245 3998 1296 4048 Sed

278 4067 394 4116 Horat.
412 4065 493 4130 Epod.
506 4082 531 4114 v.
539 4064 581 4116 45.
600 4064 725 4115 Tibull.
743 4065 764 4129 1,
816 4066 884 4128 vida,
902 4081 936 4115 sn
954 4064 1090 4130 vulgatum
1106 4071 1210 4115 tueatur
1231 4066 1298 4116 illud

277 4133 309 4193 2,
333 4131 376 4183 43.
404 4134 496 4186 Voss.
524 4133 557 4183 ad
581 4133 652 4198 Virg.
674 4133 764 4199 Eolog.
815 4132 950 4183 Homeri
967 4131 1042 4182 Iliad.
1062 4128 1093 4181 δ’.
1111 4148 1176 4183 vers.
1196 4132 1296 4184 161:-

278 4202 352 4251 VHl.
376 4217 401 4250 v.
423 4199 458 4252 69
475 4216 547 4266 seqq.
580 4200 654 4250 Abiit
677 4207 763 4251 autem
817 4198 868 4252 σύν
892 4218 918 4250 τε
940 4197 1041 4266 μεγάλῳ
1067 4195 1206 4261 ἀπέτισαν,
1238 4199 1297 4252 Σὺν

278 4285 321 4319 res
348 4270 376 4317 in
405 4268 579 4332 proverbium.
628 4268 761 4319 Suides:
818 4276 914 4334 σφῇσιν
924 4270 1077 4332 κεφαλῇσιν,
1094 4270 1203 4333 γυναιξί
1217 4287 1244 4320 τε
1253 4265 1297 4320 καὶ

278 4335 338 4388 ’Eoi
359 4341 446 4386 σαντῶ
464 4334 512 4402 τὴν
538 4333 651 4402 σελήνην
668 4336 762 4387 καθέλ-
813 4336 951 4388 τεκέεσσιν.

278 4421 347 4458 κειε·
366 4387 764 4472 αἱτῆνσελήνηνκαθέλκονσαι
848 4405 877 4454 Β.
912 4400 969 4454 εἴτ’
1006 4402 1061 4454 ἐπὶ
1098 4399 1133 4454 τὸ
1162 4403 1297 4469 βέλτιον
