3242 5259
342 599 402 652 240
748 598 945 659 PLATONIS

404 758 485 846 Gap.
508 760 634 826 XLIX.
678 763 750 846 ΣΩ.
773 754 877 841 Εὖγε,
906 753 1108 842 &uttam-
1138 761 1275 826 διατέλει
1293 763 1348 845 γὰρ

340 853 443 939 ώςττερ
463 859 565 940 Ιἤρξω,
586 859 639 922 καὶ
661 857 746 932 ὅπως
767 859 809 941 μὴ
832 859 1028 941 ύτταισχυνεῐ.
1052 860 1103 923 δεῖ
1120 857 1175 937 δέ,
1198 861 1243 936 ώς
1263 858 1346 937 ἔοικε,

338 957 410 1038 μηδ’
432 954 484 1038 ἐμὲ
512 957 783 1039 ιίτιαισχυνδῆναι.
812 954 865 1020 καί
893 961 1024 1038 πρῶτον
1052 956 1111 1039 μὲν
1138 955 1225 1035 είττέ,
1256 960 1283 1022 εί
1302 960 1348 1023 καὶ

338 1059 498 1135 ψωρώντα
518 1055 571 1118 καὶ
593 1058 782 1136 κνησιώντα,
812 1055 969 1135 οίιρδόνως
990 1051 1103 1137 ἔχοντα
1123 1065 1184 1118 τοῦ
1204 1061 1348 1139 κνῆοθοτ,

338 1155 505 1234 κνώμενον
532 1153 739 1215 διατελοῦντα
768 1153 826 1215 τὸν
860 1153 934 1234 βίον
963 1146 1163 1234 εὐδαιμόνως
1193 1148 1260 1217 ἔστι
1289 1156 1347 1235 ζῆν.

276 1256 307 1318 D
340 1244 517 1325 ΚΑΛ.Ὼς
537 1254 657 1324 ι’ίτοττος
678 1243 723 1328 εί,
753 1242 988 1330 ὧΣωκρατες,
1015 1251 1070 1314 καὶ
1098 1251 1239 1332 ἀτεχνῶς
1260 1251 1348 1334 δημη-

336 1349 443 1428 γόρος.
485 1351 559 1411 Eat.
588 1349 775 1430 Τοιγάρτοι,
805 1340 831 1411 ὦ
854 1349 1056 1422 Καλλίκλεις,
1083 1351 1202 1411 Πῶλον
1222 1349 1282 1430 μὲν
1301 1347 1348 1412 καί

338 1447 481 1528 Γοργίαν
503 1446 557 1508 καί
578 1443 727 1527 ἐξὲπληξα
755 1444 807 1509 καί
829 1446 1038 1528 αἰσχύνεσθαι
1067 1443 1221 1528 ἐττοτήσα,
1250 1442 1291 1510 οὺ
1319 1446 1348 1510 δὲ

338 1538 378 1605 ού
398 1542 441 1626 μὴ
464 1542 639 1624 ἐκπλανῇς,
669 1536 744 1606 οὐδὲ
772 1543 816 1626 μὴ
837 1544 1033 1626 αἰσχυνθῇς·
1063 1543 1213 1624 οἰνδρεῖος
1232 1545 1295 1626 γὰρ
1314 1538 1348 1606 εί.

336 1634 402 1703 αλλ’
431 1641 611 1721 ἀποκρίνου
644 1641 756 1722 μόνον.
807 1644 909 1704 ΚΑΛ.
948 1640 1035 1723 Φημὶ
1061 1642 1178 1704 τοίνυν
1216 1641 1270 1705 καὶ
1296 1645 1347 1705 τὸν

336 1740 503 1819 κνώμενον
523 1735 623 1822 ἡδέως
644 1738 686 1802 διν
706 1740 829 1819 βιώναι.
873 1741 948 1802 Eu.
974 1741 1108 1803 Ου’κοῦν
1129 1739 1220 1821 είττερ
1244 1738 1347 1822 ἡδέως,

388 1956 420 2005 εί
437 1958 487 2006 καί
508 1954 685 2023 υωρωντα]
722 1957 764 2006 sic
783 1957 871 2007 Clark.
895 1957 952 2006 vat.
970 1957 1034 2006 Ven.
1060 1956 1121 2008 ΞΣ.
1140 1957 1222 2007 vind.
1246 1957 1270 2007 1.
1286 1957 1345 2008 26.

336 2025 394 2074 Par.
412 2025 556 2076 BCEIW.
581 2025 649 2074 Flor.
668 2040 691 2076 a.
711 2025 734 2073 b.
754 2039 777 2075 e.
794 2026 811 2074 f.
830 2041 863 2074 m.
882 2042 905 2074 0.
929 2023 1002 2074 Bodl.
1020 2025 1090 2074 Vett.
1113 2023 1185 2074 editt
1205 2032 1346 2088 ψωριῶντα.

335 2095 454 2142 Formam
473 2090 573 2157 υωριίω
591 2094 668 2142 etiam
687 2091 794 2142 Photius
818 2099 844 2142 et
861 2092 956 2143 Moeris
974 2091 1049 2142 alteri
1066 2090 1178 2157 ψωριύω
1196 2094 1347 2157 praeferunt.

387 2166 442 2210 τοῦ
465 2159 623 2227 κνῆοθαι]
649 2161 764 2210 κνᾶσθαι
788 2161 853 2210 Ven.
879 2159 938 2209 ΞΣ.
962 2160 1040 2210 vind.
1063 2160 1086 2211 2.
1110 2161 1171 2209 Ρετ.
1196 2161 1237 2224 V„
1260 2162 1304 2211 sed
1324 2177 1345 2209 v.

336 2231 485 2281 Buttmann.
505 2229 549 2279 Gr.
567 2231 587 2278 I.
604 2244 629 2293 p.
647 2226 704 2279 584.

386 2297 415 2346 Ε.
450 2293 553 2357 μόνον
580 2295 721 2361 κνηοιῷ]
759 2296 801 2345 Sic
824 2296 937 2344 porrexit
959 2295 1103 2345 Bekkerus.
1128 2294 1211 2345 Cndd.
1235 2296 1346 2361 plerique

335 2380 424 2414 omnes
443 2371 557 2430 κνηοιοῖ,
576 2365 652 2429 pauci
670 2370 779 2428 κνηοιεῖ.
798 2379 823 2411 v.
840 2364 956 2413 Pierson.
975 2362 1008 2412 ad
1025 2364 1106 2413 Μοετ.
1124 2379 1149 2427 p.
1168 2361 1230 2414 206.

386 2431 438 2482 καί
458 2429 559 2482 τούτω
571 2451 585 2479 ν
604 2429 769 2497 τοιούτων]
788 2433 960 2482 Buttmannus
977 2432 1100 2481 enniani
1121 2426 1149 2478 vd
1168 2428 1277 2488 τούτων,
1295 2447 1345 2496 pre

335 2502 411 2550 bante
434 2499 593 2551 Heindorfio.
617 2516 641 2552 τ.
658 2516 718 2550 ann.
754 2500 833 2550 Multi
856 2501 926 2564 iique
949 2499 1165 2564 praestantissimi
1192 2499 1254 2548 libri
1271 2515 1344 2561 κερα-

368 2702 431 2765 Cap.
449 2701 544 2750 XLIX.
571 2700 623 2750 δεῖ
641 2699 676 2750 δε
693 2727 726 2737 -
744 2696 812 2765 μηδ’
865 2700 973 2764 gnificat
996 2696 1024 2748 τύ
1042 2697 1133 2748 αίδοῑα
1155 2714 1204 2782 per
1221 2699 1344 2764 euphemi

334 2768 390 2829 ἐμὲ
414 2765 479 2834 τίνι]
515 2768 621 2836 Orditur
642 2769 712 2817 enim
734 2768 765 2817 de
787 2786 814 2818 re
866 2784 957 2829 surum.
989 2767 1030 2816 Ad
1047 2766 1108 2816 iila:
1128 2766 1288 2828 ποτερονεί
1303 2765 1343 2833 τὴν

334 2837 410 2886 foeda
438 2837 519 2885 verba
541 2836 634 2885 faeere.
681 2837 814 2887 Proximo·
865 2830 982 2901 κεφαλὴν
998 2831 1083 2894 μόνον
1100 2839 1217 2903 κνιμιῷ,
1241 2853 1256 2885 e
1278 2850 1344 2900 supe

335 2920 391 2952 rum
400 2902 538 2953 verborum
550 2903 611 2953 ordo
624 2904 665 2952 hie
676 2911 728 2952 est:
747 2903 813 2963 εἰπέ,
865 2904 976 2952 rioribus
987 2901 1056 2967 apud
1071 2903 1190 2952 animum
1203 2902 1342 2969 intelligas:

335 2970 362 3019 εί
383 2971 425 3019 καί
449 2973 580 3032 υωρώντα
602 2971 644 3020 καί
668 2976 814 3035 κνηοιώντα

335 3038 405 3087 ἔστιν
421 3034 583 3097 εὐδαιμόνως
601 3040 663 3102 ζῆν,
681 3035 814 3100 ἀφθόνως

335 3106 423 3168 ἔχοντα
453 3109 498 3154 τοῦ
525 3107 654 3171 κνῆοδαι,
681 3103 815 3166 κνώμενον

335 3173 496 3222 διατελοῦντα
525 3169 569 3222 τὸν
602 3175 677 3238 βιόντ
711 3175 812 3236 dicas,

334 3258 407 3291 num
444 3243 542 3291 etiarn
575 3241 689 3292 scabie
723 3241 813 3292 labo·

333 3309 424 3359 nanti
460 3314 489 3358 et
522 3311 655 3374 pruritu
689 3317 812 3361 vexato

333 3378 428 3428 beate
462 3377 577 3427 vivere
612 3377 733 3438 lieeat,
782 3379 814 3426 si

332 3445 459 3495 abunde
487 3444 608 3495 habeat
641 3444 811 3495 titillatio·

331 3515 397 3575 nis,
424 3514 473 3562 ita
499 3520 535 3561 ut
560 3529 617 3578 per
642 3517 746 3574 totam
770 3513 812 3561 vi-

331 3588 395 3631 tam
413 3579 590 3630 titilletur.
624 3581 714 3644 Itaque
732 3581 810 3629 haee:

330 3646 469 3707 κνώμενον
491 3646 655 3698 διατελοῦντα
679 3644 724 3698 τὸν
741 3647 811 3712 βίον,

330 3716 418 3766 addita
432 3721 493 3765 sunt
502 3714 568 3775 ideo,
583 3714 811 3780 utprneeedentia,

330 3781 463 3847 ἀφθόνως
496 3782 583 3846 ἔχοντα
612 3789 658 3833 τοῦ
688 3785 811 3849 κνῆοθαι,

331 3854 537 3917 interpretentur.

365 3921 397 3970 D.
434 3917 470 3968 οὐ
500 3916 535 3967 δὲ
563 3913 602 3966 ού
629 3916 669 3982 μὴ
698 3917 810 3967 ἐκπλα-

330 3994 386 4054 γῇς
405 3986 452 4053 -J
475 3993 509 4034 tu
527 4000 684 4036 veronen
702 4001 810 4035 veren-

330 4057 401 4105 dum
419 4059 522 4105 estne
546 4053 761 4103 conturberis
780 4061 811 4103 et

331 4122 368 4172 ad
387 4123 562 4174 silentium
579 4121 751 4185 redigaris.
771 4123 810 4170 De

331 4206 379 4239 usu
400 4190 551 4240 vocularum
580 4186 612 4238 ού
643 4186 679 4254 μή
708 4191 810 4254 egregie

330 4258 472 4322 disputavit
502 4257 672 4308 Thiersch.
702 4258 725 4317 ὅ.
751 4254 810 4308 301.

290 4403 294 4410 ·
332 4324 434 4458 ediis&
453 4394 498 4440 ι”τι
524 4395 604 4439 τιόε
623 4390 745 4457 ἑρωιιῦ]
771 4391 810 4441 si-

865 2967 946 3020 αὐτὸν
964 2969 1016 3035 φῂς
1035 2965 1118 3035 ἡδέως
1136 2966 1171 3019 ἂν
1188 2970 1299 3034 διαίνου
1315 2997 1342 3006 -

865 3040 929 3088 Mox
952 3033 987 3088 τὰ
1009 3034 1149 3100 ἐχόμενα
1172 3047 1236 3087 sunt
1265 3053 1342 3103 quae

857 3122 932 3155 ’curn
957 3105 1010 3154 his
1036 3105 1222 3155 cohaerent
1249 3112 1282 3156 et
1305 3121 1342 3155 ετ·

865 3180 915 3223 ete
940 3173 1123 3222 enniuneta
1149 3179 1238 3223 aunt.
1273 3173 1342 3224 Poni-

865 3248 906 3291 tur
923 3246 1009 3290 autem
1031 3241 1081 3290 hee
1099 3256 1156 3290 voe.
1181 3257 1254 3291 nune
1277 3243 1341 3290 aban

865 3309 919 3358 inte
928 3324 981 3357 non
990 3307 1079 3357 addito
1087 3309 1218 3374 genitivu,
1232 3310 1342 3374 utLegg.

863 3377 923 3438 VII,
942 3374 995 3438 13.,
1012 3376 1058 3425 ubi
1076 3392 1101 3425 v.
1119 3376 1192 3426 Ast.
1210 3378 1341 3427 Isnerat

864 3444 957 3494 Helen.
967 3445 1073 3494 Eunoni
1084 3459 1109 3508 p.
1124 3441 1185 3494 239.
1197 3443 1237 3497 ed.
1252 3445 1340 3494 uois:

864 3512 989 3575 βούλομαι
1007 3509 1037 3561 δὲ
1055 3511 1177 3574 καὶπερὶ
1197 3517 1250 3562 τοῖν
1262 3511 1339 3576 ε’χομὲ-

866 3598 921 3629 νων
939 3577 1064 3629 διελθεῖν.
1081 3579 1149 3629 Nam
1167 3577 1270 3632 τούτοις
1287 3595 1339 3629 eun

864 3646 963 3711 ἐφεξῆς
975 3646 1191 3708 connectendum,
1208 3654 1238 3697 ut
1249 3645 1340 3698 Phileb.

863 3731 887 3780 p.
904 3714 945 3765 34.
965 3715 997 3764 C:
1027 3713 1053 3764 τὸ
1077 3710 1099 3763 δ’
1125 3712 1226 3780 ἑφεξῆς
1250 3712 1340 3765 τούτοις

864 3780 1018 3846 πειρώμεθα
1034 3781 1127 3848 λέγειν.
1145 3782 1228 3848 [segg.
1247 3798 1272 3848 p.
1290 3780 1339 3833 090

863 3851 899 3899 E:
918 3849 944 3900 τὸ
959 3853 1050 3899 τοίνυν
1062 3846 1162 3903 τούτοις
1176 3849 1275 3917 ἐφεξῆς
1286 3850 1338 3912 περί

864 3914 892 3966 τύ
911 3923 962 3967 των
980 3918 1102 3966 Μουσῶν
1119 3944 1153 3953 -
1172 3917 1255 3980 δῶρα.
1285 3918 1340 3968 en-

862 3984 909 4049 tyl.
927 4003 953 4051 p.
969 3983 1027 4036 420.
1045 3986 1084 4034 D:
1107 3983 1146 4034 ὅτι
1165 3983 1267 4038 τούτοις
1284 3984 1337 4049 ἑξῆς

862 4051 941 4103 ἐστιν.
959 4052 1338 4120 Im.Bekkernslegenduu

863 4122 972 4170 coniecit
990 4119 1018 4170 τὰ
1036 4117 1152 4180 ἑπόμενα
1171 4118 1278 4174 τούτοις.

896 4190 948 4238 καί
975 4185 1097 4238 τούτων
1120 4207 1140 4238 τ.
1164 4184 1228 4238 dat.
1253 4187 1289 4254 τι]
1313 4193 1338 4236 et

862 4257 946 4320 quod
969 4257 1060 4306 hisee
1082 4256 1115 4304 in
1138 4256 1244 4306 rebus
1267 4271 1337 4306 sun·

862 4341 942 4373 mum
966 4330 1023 4374 est.
1059 4323 1167 4373 Addidit
1189 4323 1337 4374 Heindor-

861 4392 930 4440 fius
947 4391 1084 4452 articulum
1103 4389 1132 4441 τό
1144 4392 1178 4442 de
1192 4393 1336 4443 eonieetura
