3242 5259
365 624 423 684 100
770 619 969 684 PLATONIS

362 789 418 852 καί
429 835 437 863 ,
459 786 536 850 εἴτι
557 784 619 868 ἐγὼ
641 786 791 868 συνίημι,
812 786 931 868 λέγεις,
960 786 1009 850 ὅτι
1029 792 1167 861 πειθοῦς
1187 786 1390 870 δημιουργός

365 885 451 950 ἐστιν
469 885 492 967 ἡ
512 884 684 967 ῥητορική,
713 883 809 968 καὶὴ
836 885 1035 968 πραγματεία
1067 885 1164 966 αὐτῆς
1192 885 1303 949 ἅπασα
1333 883 1392 950 καὶ

365 984 401 1048 τὸ
423 985 601 1064 κεφάλαιον
629 984 673 1057 εἰς
693 993 788 1047 τοῦτο
819 988 958 1064 τελευταῖ’.
990 982 1010 1065 ἢ
1037 979 1116 1065 ἔχεις
1142 1005 1173 1044 τι
1201 981 1309 1065 λέγειν
1337 980 1393 1047 ἐπὶ

365 1079 464 1146 πλέον
483 1080 544 1163 τὴν
575 1079 748 1163 ῥητορικὴν
770 1080 934 1143 δύνασθαι
955 1079 975 1160 ἢ
998 1079 1101 1144 πειθὼ
1121 1085 1190 1155 τοῖς
1211 1081 1393 1145 αἀούονσιν

367 1180 402 1244 ἓν
422 1190 461 1262 τῇ
484 1188 571 1261 ψυχῇ
594 1183 699 1241 ποιεῖν
706 1205 714 1254 3
748 1181 780 1241 Γ
779 1179 844 1240 ΟΡ.
866 1178 1035 1258 Οὐδαμῶς,
1059 1169 1085 1240 ὦ
1106 1177 1288 1258 Σώκρατες,
1310 1178 1394 1241 ἄλλα

365 1302 420 1360 μοι
441 1277 546 1351 δοκεῖς
574 1275 692 1349 ἱκανῶς
714 1274 893 1354 ὁρίζεσθαι
924 1272 987 1338 ἔστι
1016 1275 1078 1358 γὰρ
1106 1280 1205 1339 τοῦτο
1233 1275 1270 1338 τὸ
1292 1275 1392 1355 κεφά-

365 1381 458 1438 λαιον
479 1375 588 1454 αὐτῆς.
630 1367 882 1436 ΣΩ.’Ἇκουσον
902 1373 951 1455 δή,
975 1363 1000 1434 ὦ
1021 1376 1053 1436 Γ
1050 1372 1153 1454 oppia.
1185 1369 1248 1453 ἐγὼ
1267 1370 1331 1454 γὰρ
1354 1367 1392 1436 αὖ

314 1466 431 1558 B'dott’
453 1473 511 1550 ὅτι,
535 1471 578 1544 ὡς
600 1468 738 1551 ἐμαυτὸν
759 1472 882 1544 πείθω,
914 1469 1002 1549 εἴπερ
1023 1492 1070 1544 τις
1090 1473 1186 1544 ἄλλος
1212 1473 1299 1555 ἄλλῳ
1319 1470 1391 1534 δια-

367 1569 490 1651 λέγεται
511 1568 710 1650 βονλόμενος
730 1567 847 1630 εἰδέναι
869 1569 947 1631 αὐτὸ
968 1573 1083 1644 τοῦτο,
1104 1565 1177 1648 περὶ
1197 1566 1277 1632 ὅτου
1298 1567 1317 1632 ὁ
1339 1570 1393 1632 λό-

366 1689 424 1749 χος
454 1664 536 1741 ἐστί,
564 1665 618 1729 καὶ
647 1664 699 1747 ἐμὲ
729 1660 814 1729 εἶναι
842 1666 967 1728 τούτων
996 1663 1070 1730 ἕνα·
1100 1665 1178 1743 ἀξιῶ
1206 1666 1242 1730 δὲ
1268 1666 1322 1730 καὶ
1345 1663 1393 1730 σέ.

369 1766 465 1829 ΓΟΡ.
502 1764 541 1825 Τι’
568 1757 629 1826 οὖν
656 1764 712 1845 δή,
743 1755 978 1844 ὦΣώκραιες;
1009 1765 1086 1827 ΣΩ.
1109 1757 1195 1844 Ἐγὼ
1224 1761 1288 1844 ἐρῶ
1314 1775 1391 1828 νῦν.

419 1966 448 2014 Ρ.
471 1960 529 2014 453.
565 1961 675 2027 λέγειν
698 1961 749 2011 ἐπὶ
773 1960 887 2029 πλέον]
911 1964 947 2012 ἔτι
968 1964 1026 2012 Par.
1049 1963 1100 2012 IV.
1128 1961 1198 2014 Flor.
1216 1963 1242 2014 b.
1265 1979 1326 2013 cum
1351 1963 1393 2014 ed.

368 2033 429 2082 Bas.
445 2029 469 2082 2.
499 2033 549 2080 Pro
567 2026 584 2095 ἢ
601 2030 664 2094 ἔχεις
683 2030 771 2081 Clark.
795 2022 811 2095 ἦ
830 2031 900 2094 ἔχεις,
920 2037 945 2081 et
963 2030 1056 2080 deinde
1074 2032 1167 2080 πειθώ.

419 2134 448 2182 Β.
484 2132 582 2195 εἱίιερ
602 2148 649 2187 τις
667 2128 776 2198 ἄλλος]
795 2132 871 2196 εἴπερ
891 2150 927 2185 τις
945 2133 987 2181 καὶ
1004 2129 1079 2184 ἄλλος
1096 2133 1156 2182 Par.
1173 2133 1194 2182 Ι.

421 2233 495 2294 περὶ
519 2228 597 2281 ὅταν
622 2228 636 2280 ὁ
660 2230 756 2298 λόγος
774 2231 860 2298 ἐστί]
884 2229 967 2286 o‘om.
986 2234 1046 2286 Vat.
1065 2233 1099 2282 Δ.
1122 2234 1188 2283 Ven.
1208 2233 1240 2283 X·
1257 2240 1283 2285 et
1298 2251 1340 2301 pr.
1360 2234 1391 2286 Ξ.

369 2301 447 2351 Vind.
465 2298 489 2351 2.
509 2297 532 2350 7.
551 2301 612 2363 περὶ
631 2291 663 2350 οὗ
681 2296 695 2348 ὁ
715 2302 736 2351 t.
760 2303 828 2367 Aug.
847 2303 953 2352 Meerm.
971 2307 997 2351 et
1013 2301 1121 2351 Routhii
1137 2300 1213 2352 Bodl.

404 2470 435 2518 P.
450 2467 508 2520 453.
527 2469 559 2520 εἰ
565 2487 577 2522 s
596 2475 691 2519 τοῦτο
710 2467 852 2535 τελευτᾷ]
904 2484 963 2518 raro
980 2469 1070 2518 inferri
1091 2468 1169 2519 hodie
1191 2469 1256 2520 satis
1278 2476 1392 2521 constat.

371 2537 456 2587 Intell.
475 2537 515 2590 sle
533 2536 560 2587 τὸ
573 2539 684 2587 πείθειν.
718 2537 854 2587 Sententia
904 2553 930 2587 v.
947 2542 1034 2586 annot.
1053 2536 1086 2586 ad
1102 2536 1235 2588 Phaedon.
1254 2553 1279 2602 p.
1297 2536 1341 2590 63.
1359 2539 1391 2589 G.

370 2606 436 2655 haec
457 2611 509 2655 est:
532 2606 621 2655 diois
647 2606 854 2655 rhetoricam
904 2604 1018 2654 Matth.
1031 2605 1076 2655 Gr.
1088 2603 1175 2665 §.5355
1193 2606 1281 2656 Rost.
1299 2605 1390 2666 §.122

372 2689 444 2723 esse
462 2672 683 2737 persuadendi
697 2673 854 2738 opificem
905 2679 957 2722 not.
979 2669 1002 2722 3.
1049 2673 1108 2722 Nisi
1135 2672 1201 2723 forte
1227 2673 1390 2725 infinitivum

356 2750 566 2804 'omnemque
608 2740 684 2790 eius
722 2747 853 2804 operam
904 2747 995 2805 putare
1017 2740 1140 2790 malueris
1163 2757 1197 2790 ex
1220 2737 1256 2793 ὥς
1275 2738 1391 2802 ἐμαυτὸν

372 2813 469 2870 atque
484 2822 636 2856 summam
650 2807 690 2856 ad
705 2809 765 2857 hoo
780 2814 854 2859 tam·
905 2808 992 2856 πείθω
1014 2823 1071 2857 esse
1093 2823 1262 2873 suspensum,
1287 2808 1320 2860 de
1337 2825 1391 2874 qna

373 2891 465 2939 qnam
494 2874 534 2924 ad
557 2874 661 2923 finem
691 2889 782 2923 suum
810 2891 855 2924 re·
906 2877 1094 2924 construetione
1123 2892 1149 2925 v.
1180 2875 1213 2926 ad
1240 2877 1390 2928 Phaedrum

373 2944 467 3003 ferri,
490 2948 527 2990 ut
543 2942 627 2991 aliis
651 2942 854 3006 persuadere
905 2958 929 3007 p.
947 2939 1006 2993 272.
1020 2944 1052 2992 D.
1088 2944 1320 3008 Utrumquereote.
1337 2946 1390 2995 De·

373 3010 539 3075 possimus
556 3008 642 3072 quod
661 3009 854 3059 volumus—
904 3010 965 3060 inde
988 3010 1055 3070 vide,
1079 3026 1113 3060 an
1137 3027 1228 3061 verum
1252 3013 1287 3062 sit
1310 3013 1388 3078 εἴπερ

374 3076 427 3126 ἐπὶ
446 3075 594 3125 πλέον-
613 3073 795 3138 δύνασθαι,
814 3094 854 3127 an
905 3095 941 3129 us
959 3078 1012 3126 καὶ
1031 3074 1106 3131 ἄλλος
1123 3074 1191 3127 ἄλλω
1212 3078 1234 3129 δ.
1254 3080 1388 3131 Phaedon.

374 3149 472 3208 potes
506 3144 618 3194 dicere
652 3143 689 3193 ad
724 3145 854 3209 aliquid
904 3161 930 3210 p.
956 3144 998 3196 66.
1015 3148 1052 3195 A:
1077 3135 1118 3209 ἆρ’
1145 3129 1192 3210 οὔχ
1214 3138 1292 3201 odro'e
1317 3146 1389 3198 ἐστιν

374 3212 449 3277 plus
483 3211 598 3262 valere
640 3212 853 3275 rhetoricam,
904 3214 1031 3276 -εἴπερ
1051 3231 1087 3266 τις
1104 3215 1146 3262 καὶ
1163 3211 1390 3279 ἄλλοε,ὁιευξό-

374 3295 467 3344 quam
502 3285 537 3329 ut
572 3279 691 3329 animis
719 3280 854 3331 audien·
904 3298 984 3341 μενος
1008 3287 1054 3330 τοῦ
1076 3277 1163 3343 darom
1186 3282 1233 3333 ubi
1255 3299 1281 3332 v.
1299 3291 1390 3336 annot.

373 3348 459 3396 tium
488 3347 742 3412 persuadeatur?
786 3350 854 3399 Nam
905 3348 964 3399 ooll.
998 3349 1197 3400 Valckenar.
1231 3349 1266 3400 ad
1298 3352 1390 3418 Eurip.

374 3414 427 3464 ἐπὶ
448 3413 600 3464 nte'ovest
612 3415 692 3480 plus.
702 3431 727 3465 v,
740 3416 855 3466 Sohaa·
904 3416 1039 3470 Phoeniss.
1058 3433 1082 3472 v.
1100 3415 1167 3468 1589
1184 3432 1238 3482 seq.

372 3483 432 3533 fer.
463 3482 497 3532 ad
530 3482 622 3533 Lamb.
650 3485 710 3533 Bos.
741 3499 766 3548 p.
794 3482 853 3534 552.
939 3476 1389 3540 Ο.ταῦοῦνένικιι-αὖιόε

372 3549 513 3601 Lobeok.
538 3550 570 3600 ad
593 3551 714 3616 Sophooi.
731 3552 805 3601 Aiao.
828 3568 853 3601 v.
905 3549 1012 3618 λέγω]
1023 3553 1062 3602 De
1073 3553 1275 3619 interrogatione
1286 3555 1392 3604 v.infra

372 3617 447 3669 1255.
469 3618 640 3668 Heindorf.
658 3618 691 3668 ad
708 3619 734 3668 h.
750 3618 768 3668 l.
783 3619 854 3669 etad
904 3635 930 3684 p.
948 3617 1006 3669 457.
1023 3621 1061 3670 E:
1087 3626 1133 3670 τοῦ
1158 3619 1191 3686 δὴ
1220 3621 1300 3672 ἕνεκα
1323 3619 1390 3688 λέγω

371 3685 503 3735 Phaedon.
531 3702 556 3750 p.
578 3683 619 3736 93.
642 3687 671 3735 Β.
718 3687 855 3750 Loquendi
905 3691 996 3745 ταῦια;
1014 3685 1053 3738 ὅτι
1071 3693 1122 3738 νῦν
1132 3686 1190 3748 ἐμοὶ
1205 3688 1294 3742 δοκεῖς
1308 3707 1331 3740 α.
1340 3691 1392 3741 ιλ..

370 3769 454 3819 genus
471 3770 550 3818 quum
568 3753 640 3814 alibi,
658 3759 713 3803 tum
726 3755 776 3805 hoo
795 3755 852 3805 loco
904 3755 1024 3818 Lysias
1043 3755 1101 3806 adv.
1118 3757 1226 3822 Agorat.
1243 3773 1268 3822 p.
1287 3755 1330 3808 99.
1347 3757 1391 3808 ed.

371 3823 441 3871 viros
459 3821 546 3871 doctos
567 3821 674 3883 fefellit,
698 3838 807 3886 quorum
824 3824 853 3872 in
903 3823 1005 3871 Bromi:
1026 3828 1073 3874 τοῦ
1091 3820 1113 3873 δ’
1131 3823 1209 3874 ἕνεκα
1226 3829 1306 3875 ταῦτα
1323 3823 1391 3892 λέγω

371 3905 477 3939 numero
500 3890 605 3939 dierunt
627 3891 672 3953 qui
698 3892 853 3954 scripturam
904 3885 983 3950 ὐμῑν;
1008 3888 1041 3939 ἵν’
1066 3890 1154 3958 εἰδῆτε
1175 3910 1196 3941 κ.
1224 3910 1244 3943 τ.
1268 3895 1289 3943 ³.
1326 3894 1391 3943 Pro-

373 3957 408 4006 du
435 3955 514 4005 πλέον
542 3956 687 4022 probarent.
731 3957 801 4008 Illud
831 3977 853 4007 τι
903 3963 984 4023 tagor.
1007 3974 1032 4022 p.
1050 3955 1108 4009 343.
1126 3961 1156 4009 Β.
1174 3962 1281 4010 Menon.
1304 3977 1330 4026 p.
1347 3958 1392 4012 97.

372 4026 483 4089 pertinet
507 4023 540 4074 ad
563 4025 627 4088 ἔχεις
650 4023 747 4090 λέγειν,
779 4041 851 4075 num
902 4027 933 4074 Ε.
950 4025 1029 4091 Legg.
1048 4027 1093 4076 IV.
1111 4042 1135 4091 p.
1154 4024 1211 4078 722.
1228 4029 1262 4078 D.
1285 4026 1391 4079 Politia.

373 4089 699 4156 quahabesdioere?
901 4109 927 4157 p.
949 4091 1008 4142 264.
1037 4093 1067 4143 C.
1115 4095 1216 4157 Quibus
1241 4095 1336 4159 addas,
1367 4096 1392 4147 ai

406 4155 468 4225 ἐγώ
492 4155 554 4242 γὰρ
585 4149 622 4208 εὖ
650 4156 716 4209 ἴσθ’
742 4157 793 4209 ὅτι
817 4188 851 4196 -
902 4159 1002 4225 placet,
1034 4176 1100 4225 qnae
1125 4161 1157 4213 ab
1182 4160 1391 4215 Heindorfio

372 4228 425 4274 καὶ
444 4225 503 4286 ἐμὲ
520 4244 611 4276 atvar
634 4225 762 4277 τούτων
780 4227 850 4294 ἕνα]
903 4227 1056 4279 adPhaedr.
1073 4245 1098 4294 p.
1111 4228 1216 4280 237.D.
1233 4236 1260 4281 ot
1275 4248 1293 4282 a
1309 4230 1390 4283 nobi!

370 4292 493 4358 volgaris
516 4294 582 4344 ratio
600 4295 721 4359 exigebat
739 4296 780 4344 καὶ
799 4293 851 4361 ἐγώ
902 4295 935 4345 ad
953 4296 1072 4361 Syrnpos.
1094 4313 1119 4362 p.
1136 4295 1193 4349 178.
1216 4299 1252 4348 D.
1275 4298 1390 4351 eoum

370 4358 422 4419 εἰμι
444 4358 544 4410 τούτων
568 4354 614 4413 εἷς.
650 4363 700 4412 Sed
724 4364 850 4413 accusati·
902 4371 1017 4413 sunt-
1035 4362 1077 4417 ὠς
1094 4361 1221 4426 μάλιστ’
1239 4363 1279 4416 dv
1296 4361 1344 4433 ἡμ.
1363 4384 1388 4418 ιι.

368 4441 431 4476 vum
447 4442 506 4476 oum
522 4429 651 4479 infinitivo
665 4436 724 4496 post
740 4429 778 4480 ὅτι
794 4448 848 4482 non
903 4438 1011 4491 ποιοῖ,
1041 4433 1090 4483 uti
1119 4432 1218 4486 nobis
1243 4432 1389 4487 maximo
