3242 5259
336 596 396 651 320
747 592 943 653 PLA'PONIS

335 758 475 835 φρονεῖς.
506 763 545 836 τῇ
574 751 608 817 δὲ
635 754 769 839 ἀληθείᾳ
799 757 932 820 κάλλιόν
961 753 1027 820 ἐστι
1056 756 1229 840 σοφιστικὴ
1259 758 1347 841 ῥητο-

335 861 443 933 ρικῆς,
483 851 608 936 ὅσῳπερ
635 852 830 936 νομοθετιιιὴ
861 854 1043 936 δικαστικῆς
1069 853 1123 918 καὶ
1149 855 1349 939 γυμναστικὴ

335 950 485 1032 ἰατρικῆς.
514 952 627 1031 μόνοις
653 951 681 1014 δ’
710 948 809 1034 ἔγωγε
829 950 885 1016 καί
904 954 996 1035 ᾤμην
1014 957 1083 1027 τοῖς
1103 952 1301 1035 δημηγόροις
1319 975 1351 1016 τε

334 1048 388 1112 καί
416 1053 583 1128 σοφισταῖς
609 1050 670 1112 οὐκ
697 1046 849 1132 ἐγχωρεῖν
878 1048 1062 1132 μέμφεσθαι
1080 1051 1187 1134 τούτῳ
1207 1059 1252 1132 τῷ
1273 1055 1352 1133 πρά-

333 1168 439 1227 γματι,
461 1143 587 1209 ὃαότοὶ
609 1146 829 1226 παιδεύουσιν,
852 1146 895 1222 ὠς
915 1150 1061 1229 πονηρόν
1082 1146 1169 1212 ἐστιν
1189 1150 1235 1224 είς
1255 1161 1351 1230 σφοῖς,

334 1243 354 1324 ἢ
371 1248 417 1331 τῷ
439 1245 526 1326 αὐτῷ
546 1244 631 1327 λόγῳ
651 1246 755 1332 τούτῳ
775 1244 842 1326 ἅμα
862 1242 916 1308 καὶ
935 1242 1060 1309 ἑαυτῶν
1080 1252 1281 1328 κατηγορεῖν,
1304 1249 1353 1311 ὅτι

236 1387 239 1391 .
283 1343 311 1410 O
335 1342 432 1406 οὐδέν
459 1339 664 1423 ὠφελήμασιν
692 1342 750 1417 οὕς
776 1356 877 1423 φασιν
897 1340 1043 1423 ὠφελεῖν.
1066 1345 1126 1426 οὐχ
1147 1344 1250 1419 οὕτως
1272 1342 1351 1427 έχει,

335 1442 439 1505 ΚΑΛ,
469 1441 565 1503 Πάνυ
592 1461 636 1521 γε.
685 1441 763 1503 Est.
804 1439 871 1503 Καὶ
901 1440 1061 1521 προέσθαι
1090 1463 1127 1524 γε
1154 1442 1262 1526 δήπου
1292 1443 1351 1523 τὴν

333 1539 516 1620 εὐεργεσίαν
543 1541 623 1601 ἀνευ
650 1543 790 1620 μισθοῦ,
820 1537 863 1613 ὡς
893 1539 929 1602 τὸ
959 1540 1058 1616 είκός,
1090 1541 1204 1622 μόνοις
1224 1543 1351 1615 τούτοις

333 1630 489 1719 ἐνεχώρει,
511 1635 599 1715 ε’ίπερ
615 1636 721 1718 ἀληθῆ
741 1633 860 1717 ἔλεγον.
883 1639 984 1716 ἀλλην
1004 1636 1144 1719 μὲνγὰρ
1166 1641 1351 1720 εὐεργεσίαν

332 1757 379 1809 τις
400 1736 625 1817 εὐεργετηθείς,
647 1727 720 1798 οἷον
743 1733 841 1816 ταχὺς
860 1735 1034 1816 γενόμενος
1054 1735 1107 1799 διά
1128 1736 1349 1819 παιδοτρίβην,

331 1832 408 1908 ’ίσοις
426 1832 467 1895 ἀν
481 1833 704 1914 ἀποστερήσειε
723 1829 784 1914 την
803 1834 905 1913 χάριν,
927 1833 954 1894 εί
973 1837 1108 1913 προοῖτο
1130 1835 1218 1916 αὐτῷ
1239 1835 1257 1898 ὁ
1280 1855 1349 1897 παι-

332 1930 481 2013 δοτρίβης
508 1931 562 1995 καί
589 1928 633 2012 μη
656 1926 857 2011 συνθέμενος
877 1931 964 2017 αὐτῷ
984 1933 1105 2013 μισθὸν
1126 1926 1145 1995 ὅ
1165 1954 1196 1994 τι
1213 1933 1348 2013 μάλιστα

332 2028 398 2111 ἅμα
428 2028 618 2109 μεταδιδοὺς
646 2038 704 2092 τοῦ
730 2029 847 2109 τάχους
872 2029 1032 2110 λαμβάνοι
1052 2030 1088 2092 τὸ
1110 2030 1287 2112 ἀργύριον·
1308 2032 1347 2094 οὐ

276 2127 308 2191 Ι)
330 2128 394 2209 γὰρ
422 2137 461 2210 τῇ
483 2127 673 2209 βραδυτῆτι,
704 2120 809 2207 οἶμαι,
839 2126 1008 2190 ἀδικοῦσιν
1028 2127 1060 2189 οί
1079 2131 1264 2209 ἀνθρωττοι,
1283 2122 1345 2190 ἀλλ’

383 2310 412 2365 0.
448 2309 480 2360 εί
503 2308 656 2374 προοῖτο]
680 2310 723 2359 Sic
745 2309 805 2359 Vat.
836 2308 923 2375 Vulgo
947 2307 1063 2372 πρόοιτο.
1089 2326 1114 2359 v.
1131 2311 1284 2362 Buttmann,
1303 2311 1346 2361 Gr.

332 2376 407 2441 §.95
421 2380 446 2429 b.
464 2378 598 2428 Matthiae.
612 2378 655 2429 Gr.
669 2378 692 2438 §-
704 2375 799 2428 208.2.
817 2378 907 2443 Krueg
908 2393 942 2427 er.
956 2376 1120 2444 adXenoph.
1138 2378 1225 2430 Anab.
1243 2380 1265 2443 I,
1283 2377 1307 2442 9,
1324 2377 1348 2429 λ.

331 2447 449 2499 Platonis
465 2446 528 2496 libri
544 2447 611 2496 inter
627 2446 676 2496 hes
694 2445 790 2496 formas
807 2445 886 2495 valde
889 2395 1067 2496 g.fluetuantur

383 2520 416 2580 τῇ
433 2512 632 2600 βραδυτῆτι]
651 2518 685 2597 τῇ
698 2529 748 2564 om.
765 2515 825 2563 Por.
842 2514 894 2563 IV.

383 2584 415 2633 D.
450 2578 528 2633 αὐτὸ
550 2586 645 2632 τοῦτο
670 2576 825 2647 ἀφαιρεῖ]
853 2581 885 2631 V.
913 2576 1039 2645 ἀφαιροῖ,
1067 2580 1137 2645 qnod
1167 2597 1201 2632 ex
1228 2582 1346 2647 plurimis

331 2651 486 2734 optimisque
504 2650 577 2700 libris
593 2655 728 2700 mutatum.

381 2715 459 2769 ἀλλὰ
482 2715 571 2784 μόνῳ
595 2714 686 2784 ἀρφ]
715 2717 758 2767 sie
783 2717 890 2767 Vsu...
873 2716 899 2766 ²³.
929 2716 1008 2766 Vind.
1030 2714 1054 2770 2.
1080 2717 1139 2770 Par.
1156 2716 1211 2767 IV.
1235 2717 1306 2771 Flor,
1324 2734 1345 2767 a

331 2788 399 2854 Aug.
415 2787 522 2836 Meerm.
556 2786 643 2851 Vulgo
661 2792 717 2837 erat
733 2781 785 2834 ἀλλ’
806 2775 828 2852 ᾦ
845 2780 928 2850 μόνῳ
961 2784 1073 2835 Plurimi
1089 2783 1164 2836 codd.
1182 2799 1242 2835 oum
1260 2785 1346 2837 Clark.

364 2984 393 3032 B.
446 2979 579 3032 κάλλιόν
614 2979 682 3030 έστι
719 2996 810 3044 σοφι·
863 2982 935 3033 τίονε
958 2975 1137 3063 ἀπεργάζεται.
1162 2983 1343 3065 καίγίγνεται,

333 3067 400 3100 στικ
408 3046 440 3116 ἡ]
470 3049 504 3098 Η.
522 3064 545 3099 e.
567 3046 682 3115 τοοοάιφ
699 3045 810 3099 κάλλιον,
864 3051 955 3130 φησίν,
967 3046 1081 3134 Ηίαιρικὴ
1098 3052 1230 3130 πονηρίας
1256 3047 1342 3113 ’δίκη

330 3069 424 3169 anati
434 3118 544 3184 Apolog.
563 3117 703 3183 Soorotp.
719 3114 761 3168 30.
778 3117 810 3166 A.
896 3113 912 3182 ἢ
938 3118 978 3182 τῷ
1004 3113 1092 3182 αὐτῷ
1118 3113 1203 3184 λόγῳ
1227 3069 1263 3201 al
1298 3119 1343 3166 Per

331 3192 357 3236 et
380 3203 411 3237 su
411 3202 505 3253 p.rap
527 3184 586 3238 458.
609 3184 641 3235 A.
674 3185 812 3250 Sopater
864 3199 971 3249 synesin
982 3199 1015 3233 ex
1032 3189 1183 3267 antegresso
1202 3181 1251 3234 οόκ
1269 3184 1341 3264 ἐγχα

330 3255 449 3338 Prolegg.
471 3254 503 3304 de
525 3255 575 3304 hoo
596 3253 668 3304 Ιοοο.
696 3258 741 3303 τοῦ
762 3253 812 3314 μέν
866 3258 925 3337 ρεῑν
954 3252 1038 3302 intell.
1044 3258 1122 3336 post
1149 3249 1165 3318 ἢ
1187 3254 1342 3304 eontrarium

332 3322 448 3408 opipator
466 3324 615 3387 θεραπείαν
632 3320 699 3388 λέγει
716 3322 811 3386 (Plato)
863 3317 1009 3386 ἀναγκαῖον
1025 3313 1102 3370 εἶναι
1137 3319 1200 3371 Alia
1220 3321 1247 3370 id
1264 3336 1343 3387 genus

331 3389 378 3475 τήν
389 3409 415 3442 τε
415 3388 605 3477 γυμναστιιάχν
623 3389 691 3475 τήν
687 3407 713 3439 τε
731 3389 811 3455 ί-ατρι
863 3389 1053 3438 illustravimus
1069 3387 1103 3439 ad
1120 3389 1193 3454 Reip.
1212 3389 1284 3442 Libr
1301 3389 1342 3438 VI.

330 3458 388 3527 κήν.
407 3456 577 3543 ἡμενγαρ
575 3461 641 3511 olor
659 3454 692 3507 οὐ
687 3474 811 3542 ουγχω·
862 3454 969 3522 ρ,490
992 3458 1023 3506 A.
1051 3455 1201 3522 Phaedr.p
1203 3455 1293 3509 ‚ltu
1314 3456 1341 3505 Il.

332 3535 480 3613 ρεῖνοοεῖν
498 3546 544 3594 την
562 3522 655 3609 ἀρχην,
678 3521 811 3609 ἡγνμια-
862 3473 894 3575 ol.
911 3539 938 3589 p.
954 3523 1056 3576 mn.
1080 3473 1201 3589 Eutbydp
1209 3541 1234 3589 p.
1245 3523 1341 3576 286,Ε.

332 3594 416 3662 στική·
442 3592 457 3681 η’
481 3594 546 3645 δὲ’
534 3590 636 3674 ιαιρικὴ
659 3591 686 3644 τὸ
711 3598 811 3644 νοσοῦν
861 3595 967 3643 Menon.
969 3608 1015 3675 p.
1032 3590 1072 3643 96
1093 3594 1124 3642 Ε.
1164 3593 1260 3643 Paullo
1286 3599 1342 3642 ante

329 3667 482 3746 θεραπευει.
512 3665 554 3713 καί
582 3657 733 3724 ἀμφοτέρας
762 3661 811 3722 μέν
863 3680 897 3728 ιφ
921 3657 1048 3726 πράγματι
1074 3659 1105 3709 de
1127 3659 1225 3724 populo
1252 3660 1342 3710 intelli-

330 3726 667 3794 έπαινεῖτάεπαρασκενάε,
681 3728 812 3780 έπίπλέον
861 3712 983 3795 gendum.
1004 3745 1029 3777 v.
1046 3727 1078 3778 ad
1097 3727 1196 3777 Criton.
1214 3744 1239 3793 p.
1257 3727 1298 3780 53.
1316 3727 1343 3777 (l.

330 3799 360 3851 δέ
387 3796 432 3866 τὴν
456 3795 633 3880 γυμνασιικὶὴν
658 3802 702 3863 τῆς
730 3796 810 3861 ιατρι-
896 3797 924 3847 C.
961 3796 1025 3846 Καί
1046 3793 1277 3880 προέσθαιγε
1296 3792 1342 3860 δή·

329 3874 383 3952 κῆε.
410 3865 476 3932 φησί
497 3862 547 3931 γάρ
570 3863 607 3951 μὴ
633 3871 724 3914 νοσεῖν
745 3862 810 3917 ὅλαι
863 3881 924 3913 που
944 3861 1000 3930 τὴν
1017 3859 1141 3929 erl-epp]
1162 3863 1196 3912 H.
1216 3880 1238 3914 e.
1256 3864 1341 3916 ultro

328 3926 811 4021 ἀρχηνίάμεινονείναι)ἢνροοῦντα
861 3931 1074 3982 beneficium
1114 3930 1246 3981 deferre
1281 3946 1342 3981 uon

328 4001 538 4068 θεραπεύεσθαι.
557 3998 655 4062 ὁμοίως
673 3999 749 4050 πάλιν
766 4000 809 4049 καί
861 4006 961 4065 pacta
989 3998 1145 4050 mercede.
1177 4026 1214 4036 —
1211 3996 1342 4050 Deinde

330 4071 372 4122 ἐπί
396 4077 439 4138 τῆς
456 4074 539 4136 φυχῆς
558 4066 606 4119 δύο
625 4066 694 4152 μέρη
708 4066 809 4128 δι’,δοιοι
860 4068 1039 4149 imperfectum
1079 4064 1202 4131 ἐνεχείρει
1241 4069 1343 4145 ponitur

330 4136 376 4205 τὴν
395 4135 578 4224 vopeosftulpv
601 4136 643 4187 καὶ
668 4155 716 4203 την
739 4136 809 4186 δικα·
861 4136 917 4186 sine
934 4133 981 4194 ἄν,
1004 4136 1126 4215 quoniam
1148 4135 1176 4184 id
1199 4134 1341 4186 necessario

330 4204 426 4272 σιικήν,
435 4203 527 4289 ἡμὲν
544 4203 608 4272 γάρ,
634 4208 726 4287 φησί,
738 4201 809 4254 διδά·
861 4205 976 4253 futurum
998 4205 1078 4254 fuisse
1096 4204 1135 4253 sie
1153 4203 1299 4270 signifieat,
1321 4203 1342 4251 si

331 4289 384 4324 οκει
411 4271 441 4324 τά
466 4293 492 4324 ιε
519 4273 605 4323 δίκαια
630 4274 673 4323 καί
700 4269 729 4322 ui
746 4267 810 4322 καλά
860 4287 923 4322 vera
945 4271 1119 4322 dioereutv.
1094 4272 1219 4337 vadp.
1237 4271 1295 4322 514.
1314 4270 1340 4319 C.

328 4343 371 4390 καί
394 4338 423 4390 τὰ
443 4340 627 4406 συμφέροντα·
651 4338 715 4404 ἡδὲ
733 4346 810 4390 ταῦτα
861 4348 887 4392 et
904 4341 992 4404 Symp.
997 4356 1034 4421 p
1053 4337 1110 4390 190.
1127 4339 1156 4389 C.

328 4409 542 4472 παραβαίνοντας
563 4406 667 4471 κολάζει
689 4407 731 4458 καί
750 4408 808 4472 fiel·
895 4409 945 4458 καὶ
964 4403 1005 4474 μὴ
1023 4406 1294 4468 οννθέμενοε-
1288 4393 1339 4455 τί
