3242 5259
552 590 736 651 GORGIAS.
757 592 790 650 P.
816 593 887 649 515.
909 590 954 650 ed.
979 591 1021 650 St.
1236 590 1296 649 307

279 750 380 836 ἔγωγε
400 753 521 828 οίκούω,
552 750 711 836 Περικλέα
731 751 940 835 πεποιηκέναι
955 746 1157 834 Ἀθηναίους
1177 747 1299 834 οίργοὺς

279 852 333 916 καί
349 851 474 926 δειλοὺς
490 850 544 916 καί
558 854 677 927 λιίλονς
691 850 746 916 καί
767 854 990 933 φιλαργύρους
1011 850 1055 924 είς
1075 850 1298 932 μισθοφορίαν

279 953 413 1030 πρῶτον
427 952 678 1034 καταστήσαντα.
722 951 826 1014 ΚΑΛ.
855 953 928 1012 Teia
948 948 987 1011 τὰ
1010 940 1075 1011 ὦτα
1095 950 1298 1029 κατεαγότων

279 1048 410 1122 ἀκούεις
438 1057 556 1124 ταῦτα,
588 1039 613 1111 ὦ
642 1041 823 1127 Σοίκρατες.
865 1049 941 1109 Σίδ.
969 1039 1069 1109 Ἀλλὰ
1097 1045 1171 1109 τοίδε
1191 1046 1299 1109 οὐκέτι

280 1146 406 1222 ἀκούω,
437 1139 502 1209 ἀλλ’
530 1139 604 1209 οἶδα
632 1148 745 1226 σαφῶς
773 1142 827 1207 καὶ
857 1143 920 1226 ἐγὼ
947 1142 1001 1206 καὶ
1028 1144 1082 1220 σύ,
1114 1139 1219 1207 ὅτιτὸ
1240 1144 1299 1225 μὲν

279 1246 412 1322 πρῶτον
437 1242 602 1325 ηὐδοκίμει
624 1244 783 1324 Περικλῆς
803 1241 857 1305 καί
877 1241 1031 1322 οὐδεμίαν
1052 1240 1186 1322 αἰσχρὰν
1206 1241 1299 1323 δίκην

280 1341 543 1422 κατεψηφίσαντο
575 1341 677 1404 αὐτοῦ
706 1333 896 1422 Ἀθηναῖοι,
926 1338 1023 1421 ἡνίκα
1052 1340 1178 1420 χείρους
1197 1333 1297 1421 ἦσαν·

333 1559 364 1607 E.
399 1557 453 1607 καί
478 1554 609 1622 λα’λουε]
638 1552 750 1609 οίλάλουε
773 1556 862 1607 Clark.
885 1556 943 1606 Vat.
968 1555 1046 1606 Coisl.
1071 1555 1148 1606 Vind.
1171 1555 1194 1607 6.
1229 1557 1298 1606 Dein

281 1625 363 1692 vulgo
381 1623 555 1691 μισθοφορὰν
571 1631 673 1691 praeter
690 1625 869 1676 auctoritatem
886 1623 1012 1675 librorum
1029 1640 1089 1675 mss.

334 1756 512 1825 ηὐδοκίμει
536 1758 717 1826 Περικλῆς]
746 1759 791 1810 Sic
809 1759 898 1809 Clark.
916 1758 975 1810 Vat.
998 1775 1045 1824 pro
1067 1758 1140 1825 vulg.
1159 1755 1298 1821 εὐδοκίμει.

280 1828 342 1879 Vid.
359 1845 384 1893 p.
403 1827 462 1880 514.
480 1830 514 1879 D.

281 2030 351 2093 bere,
373 2036 404 2080 ut
421 2031 490 2079 cives
508 2045 585 2095 quam
603 2031 693 2095 optimi
710 2030 765 2080 red·
817 2045 896 2094 quum
925 2030 985 2081 aliis
1007 2030 1199 2080 munificentiae
1222 2045 1299 2095 gene-

282 2099 385 2149 dantur.
410 2099 530 2149 Ceterum
548 2105 633 2148 exstat
650 2099 765 2148 Aristi·
816 2099 897 2160 ribus,
915 2102 970 2148 tum
984 2099 1110 2163 imprimis
1128 2097 1243 2147 mercede
1260 2098 1300 2148 iu·

282 2168 333 2218 dis
359 2166 491 2231 sophistae
518 2180 570 2214 non
595 2182 648 2216 una
674 2166 765 2227 oratio,
817 2165 906 2215 diciali
921 2171 947 2215 et
964 2167 1087 2232 θεωρικῷ
1105 2165 1230 2214 institutis
1248 2165 1299 2214 sibi

282 2252 334 2299 qua
362 2233 491 2284 Periclem
519 2238 669 2298 ceterosque
695 2235 765 2283 viros
816 2234 948 2283 devinxit:
965 2250 1088 2298 quorsum
1099 2234 1144 2283 hic
1155 2234 1298 2298 respicitur

282 2305 309 2352 in
332 2301 469 2368 republica
491 2301 577 2352 claros
600 2308 689 2352 contra
705 2301 766 2352 Pla·

282 2369 503 2421 tonemdelendit.
487 2369 764 2435 tRemuberiuspar·
855 2359 1297 2434 Τῶντὰοίτακατεαγότωυ]

283 2443 408 2520 sequutus
434 2442 474 2488 est
495 2437 577 2487 Imm
603 2437 765 2504 Ogienslri
815 2439 901 2487 Locus
917 2437 999 2486 estin
1012 2438 1144 2502 Protagor.
1154 2452 1179 2500 p
1190 2433 1298 2497 342..B‚

282 2509 308 2556 in
348 2509 512 2555 commentat.
495 2505 697 2555 tPericles
734 2511 765 2556 et
817 2506 862 2569 qui
878 2504 944 2554 haec
961 2504 1039 2568 plane
1056 2504 1178 2553 illustrat.
1204 2505 1298 2554 Narra-

282 2574 395 2635 Plato‚
413 2572 553 2623 Uratislav.
572 2570 646 2624 1838.
663 2571 696 2635 8,
720 2574 765 2623 ubi
816 2579 858 2622 tur
869 2573 906 2620 rb1
917 2573 1012 2622 multos
1026 2573 1169 2622 homines
1162 2588 1190 2620 m
1208 2572 1299 2621 ceteris

283 2642 439 2692 consulas'
432 2641 558 2706 imprimis
588 2657 613 2706 p.
638 2637 671 2690 93
693 2657 764 2706 seqq.
817 2641 975 2690 Graecorum
993 2639 1101 2689 urbibus
1119 2641 1231 2701 vixisse,
1254 2641 1299 2704 qui

281 2709 466 2774 Eloquentiam
490 2709 600 2758 Periclis
630 2709 692 2757 artis
721 2725 765 2760 no·
817 2709 1001 2772 Spartanorum
1025 2725 1110 2758 mores
1133 2713 1159 2756 et
1181 2708 1300 2758 instituta

282 2780 351 2827 mine
368 2776 458 2827 laudat
473 2776 642 2842 philosophus
655 2776 764 2830 Phaedr.
816 2778 909 2825 insano
933 2776 1018 2825 studio
1044 2777 1220 2825 imitarentur.
1248 2767 1300 2825 ὦτά

282 2863 306 2911 p.
325 2844 385 2898 269.
402 2846 433 2895 Ε.
817 2862 852 2902 τε,
876 2849 906 2892 ut
923 2845 960 2893 ait
977 2844 1105 2906 Socrates,
1127 2841 1299 2910 κατάγνυνται

816 2910 969 2972 μιμούμενοι
996 2908 1098 2964 aaronis.
1148 2913 1240 2976 Itaque
1266 2911 1300 2961 ad

316 2979 367 3032 als
390 2980 532 3041 μινθοφ.
556 2996 604 3042 πρ.
632 2979 765 3046 naraon]
817 2980 1027 3042 λακωνιζουταε
1020 2987 1083 3030 ratos
1094 2980 1221 3041 hommes
1234 2995 1299 3044 quos

281 3046 766 3112 „llpcirosdnaivcs(verbaUlpiani
817 3046 883 3096 ridet
928 3048 1005 3097 etiam
1049 3048 1298 3113 Aristophanes

283 3123 345 3167 sunt
372 3115 404 3164 de
432 3113 532 3165 Pericle
557 3114 590 3164 ad
616 3116 688 3166 Orat
714 3116 766 3165 De·
817 3113 1013 3166 Avv.v.1281.
1030 3116 1204 3166 Ecclesiaaus.
1219 3131 1243 3164 v.
1258 3113 1298 3165 74.

282 3184 410 3234 mosthen.
431 3184 496 3265 μερί
516 3179 598 3232 cavari
599 3183 753 3249 ξεωε)ξ
694 3184 766 3246 ἔταξε
817 3182 912 3247 Vespp.
923 3181 980 3235 473,
984 3184 1093 3247 procul
1104 3183 1183 3234 dubro
1193 3199 1299 3247 resprcr

282 3247 456 3313 μισθοφορὰν
476 3249 519 3300 καί
540 3248 620 3300 ἔδωκε
639 3269 673 3318 ιφ
692 3250 765 3317 δήμῳ
817 3256 866 3299 tur
899 3250 985 3302 Schol,
1012 3250 1044 3299 ad
1071 3251 1202 3317 Aristoph.
1230 3252 1297 3303 Plut.

281 3319 490 3404 μερατευομένφ.
508 3334 533 3402 p.
548 3317 589 3370 50.
607 3318 667 3369 edit.
690 3320 766 3370 Bas:
817 3334 843 3366 v.
860 3315 902 3367 85.
926 3318 1115 3367 Grammaticus
1133 3319 1201 3383 apud
1220 3319 1299 3366 Bek-

281 3383 405 3438 Ιδιωε
382 3404 426 3436 τον
437 3385 538 3446 aaaron
555 3404 608 3436 των
627 3401 765 3468 οτρατενμ-
817 3385 936 3434 karum
970 3384 1093 3435 Anecdot.
1128 3383 1296 3450 1.p.:116

282 3454 373 3516 με’νιον
403 3454 431 3504 οί
459 3454 562 3504 παλαιοί
591 3452 767 3518 μισθοφορὰν
817 3450 970 3502 Ὠτοκάτα
998 3470 1041 3502 ιν·
1073 3447 1119 3501 τδν
1147 3467 1297 3515 συντετριμ-

282 3521 404 3573 ἐκάλουν.
432 3522 599 3573 Suidase.
622 3539 647 3574 v,
671 3524 766 3584 μισθο-
818 3537 898 3582 μενον
911 3538 939 3569 το
954 3537 1011 3572 ουτ
1034 3516 1225 3585 ἐλριοτοφιίνηεΙ
1245 3519 1298 3569 Βα-

283 3586 364 3652 φοροί.
405 3589 456 3640 Sed
486 3590 536 3640 hoc
564 3589 682 3640 Platonis
707 3590 766 3641 loeo
818 3589 966 3672 ssvipvrbm
994 3584 1298 3672 Olympiodorusz*
1282 3609 1298 3654 η

283 3658 442 3723 stipendium
462 3656 596 3721 quodlibet
612 3658 643 3707 de
660 3657 766 3723 publico
818 3654 856 3705 ὅτι
869 3655 899 3704 ἐν
914 3658 1147 3719 ταιεπαλαίστραιε
1157 3652 1299 3720 ύπέτριβου

283 3733 421 3791 acceptum
432 3725 563 3791 designari
579 3731 673 3791 putem.
700 3726 768 3808 Ari-
819 3723 848 3773 τὰ
865 3714 918 3772 εἶτα
942 3724 1160 3787 (Lacedaemones
1178 3724 1299 3773 videlicet

284 3794 396 3845 stotel.
419 3793 496 3844 Polit.
517 3793 534 3847 l.
553 3795 586 3844 IL
609 3810 632 3845 o.
649 3795 711 3844 ult·
738 3791 767 3843 τὰ
817 3792 973 3856 imitantes),
1001 3789 1017 3859 ἢ
1042 3797 1116 3841 τοτ’το
1141 3791 1205 3876 λέγει
1231 3790 1298 3853 πρὸς

284 3859 438 3928 δικαστήρια
457 3858 613 3944 μισθοφόρα
630 3860 767 3944 κατέστησε
819 3858 879 3911 τοὺς
903 3857 937 3925 μὴ
961 3856 1164 3921 δυναμένους
1149 3866 1252 3909 υπειυαι
1270 3855 1299 3909 τὰ

284 3929 427 4012 Περικλῆς,
446 3927 491 3979 ubi
507 3929 541 3978 ad
559 3929 605 3978 τὸν
620 3925 767 3979 δικαστικὸν
819 3919 872 3977 ὦτα
889 3923 964 3976 καί’
948 3934 1059 3979 ακουοαι
1077 3932 1129 3977 τῶν
1143 3926 1299 3991 λεγομένων.

284 3995 399 4059 μισθόν,
424 4013 501 4061 quem
519 3996 577 4048 ob
569 4013 610 4047 rus
628 3996 767 4048 dicendum
818 3997 893 4045 Prior
915 3997 1043 4046 sententia
1067 3997 1144 4045 unice
1168 4011 1231 4044 vera
1253 4000 1298 4043 est.

284 4068 402 4131 accipere
419 4064 538 4115 solebant
555 4065 639 4128 cives,
662 4066 768 4130 respici·
819 4064 852 4114 cf.
866 4062 985 4129 Prolegg.
1006 4064 1038 4114 ad
1052 4065 1140 4127 Remp.
1155 4062 1215 4113 clv
1228 4078 1299 4126 seqq.

283 4134 348 4184 tur.”
365 4134 548 4186 ΒΟΕΤΗ.-
567 4134 605 4183 Cf.
624 4133 767 4183 Bekkeri
820 4132 920 4181 Acerba
932 4139 1016 4181 autem
1029 4132 1080 4180 hoo
1091 4130 1229 4195 respondet
1240 4131 1299 4179 Cal

284 4202 461 4253 AnecdotT
479 4201 500 4250 1.
517 4217 541 4266 p.
557 4199 621 4252 158.
642 4202 768 4251 Μιοθο·
819 4199 908 4260 licles;
940 4205 1042 4248 constat
1069 4200 1137 4248 enim
1167 4198 1299 4248 Socratem

284 4275 395 4355 φορῶ·
426 4270 525 4330 μισθοῦ
555 4265 724 4333 στρατεύομαι
752 4265 768 4334 ἢ
820 4268 926 4331 eiusque
950 4265 1093 4331 discipulos
1116 4267 1300 4331 Spartanorum

284 4334 414 4420 ὑπηρετῶ.
443 4339 494 4387 Βεε
507 4353 541 4386 ex
557 4337 664 4388 historia
681 4337 768 4386 lucem
819 4337 983 4386 severitatem
1022 4335 1100 4400 plane
1140 4333 1300 4398 probavisse.

283 4408 361 4472 capit
403 4406 518 4457 Pericles
546 4406 615 4456 enim
643 4405 768 4472 populum
819 4420 844 4453 v.
861 4402 895 4453 ad
913 4401 1010 4454 Criton.
1028 4418 1053 4468 p
1070 4399 1159 4453 5811.

1044 4501 1099 4555 20*
