3242 5259
388 593 448 647 304
792 588 989 649 PLATONIS

387 750 602 831 ἀνθρώπους,
635 749 727 827 ὤςτε,
758 751 837 831 πρὶν
857 751 1081 826 ἰδιωτεύοντας
1108 750 1213 815 πολλὰ
1241 752 1304 834 μέν
1323 751 1408 828 ὅπως

387 846 539 931 ἐτύχομεν
558 857 708 931 ποιῆσαι,
737 848 840 914 πολλὰ
871 849 905 912 δὲ
932 853 1141 930 κατορθῶσαι
1168 850 1224 913 καῖ
1245 852 1407 934 γυμνάσα-

387 951 466 1009 σθαι
487 946 605 1021 ἱκανῶς
624 945 684 1029 τὴν
704 943 831 1029 τέχνην,
851 949 888 1011 τὸ
907 948 1084 1030 λεγόμενον
1102 945 1143 1029 δὴ
1163 956 1283 1025 τοῦτο,
1306 947 1342 1011 έν
1363 952 1406 1035 τῷ

385 1043 473 1128 πίθῳ
493 1040 554 1125 τὴν
574 1044 745 1127 κεραμείαν
766 1042 934 1126 ἐπιχειρεῖν
948 1046 1140 1126 μανθάνειν,
1160 1044 1216 1110 καὶ
1231 1047 1354 1121 αύτούς
1373 1069 1405 1110 τε

386 1141 587 1222 δημοσιεύειν
622 1139 790 1223 ἐπιχειρεῖν
826 1142 880 1205 καὶ
915 1145 1034 1217 ἄλλους
1062 1143 1233 1218 τοιούτους
1263 1165 1404 1225 παρακα-

385 1241 470 1314 λεῖν,·
496 1240 562 1302 ούκ
583 1238 724 1322 ἀνόητόν
750 1253 803 1303 σοι
832 1240 923 1304 δοκεῖ
946 1239 988 1302 διν
1016 1234 1099 1304 εἶναι
1128 1240 1214 1304 οὕτω
1235 1243 1388 1321 πράττειν
1395 1269 1403 1317 3

301 1349 364 1413 515
388 1337 492 1400 ΚΑΛ.
511 1330 652 1419 Ἔμοιγε.
705 1340 784 1400 Σίδ.
818 1339 896 1401 Νῦν
930 1336 982 1417 δέ,
1019 1330 1045 1401 ὦ
1080 1337 1221 1419 βέλτιστε
1263 1339 1401 1420 ἀνδρῶν,

386 1430 493 1515 ἐπειδὴ
514 1427 555 1497 σὺ
575 1433 635 1516 μὲν
656 1435 753 1509 αὐτὸς
773 1438 846 1516 ἄρτι
866 1440 954 1517 ἄρχει
973 1438 1123 1516 πράττειν
1142 1437 1183 1500 τὰ
1203 1446 1262 1519 τῆς
1282 1438 1402 1512 πόλεως

385 1533 571 1613 πράγματα,
608 1529 661 1612 ἐμὲ
695 1531 729 1595 δέ
764 1539 958 1613 παρακαλεῖς
984 1534 1039 1597 καὶ
1065 1534 1247 1612 ὀνειδίζεις,
1286 1531 1337 1600 ὅτι
1365 1537 1401 1600 ού

384 1630 529 1709 προίτιω,
551 1630 612 1693 ούκ
633 1627 871 1713 ἐπισκεψόμεθα
892 1632 1071 1714 ἀλλήλους,
1096 1631 1196 1713 Φέρε,
1220 1635 1400 1716 Καλλικλῆς

385 1727 447 1809 ἤδη
474 1727 547 1790 τινὰ
577 1729 690 1808 βελτίω
726 1730 878 1812 πεποίηκε
912 1733 978 1793 τοῖν
1012 1733 1166 1806 πολιτῶνς
1203 1727 1292 1794 ἔστιν
1322 1726 1400 1807 δςτις

384 1826 543 1905 πρότερον
572 1823 714 1907 πονηρὸς
750 1824 797 1890 ὢν
833 1828 944 1902 ἄδικός
978 1849 1011 1890 τε
1046 1825 1101 1890 καὶ
1137 1828 1317 1905 οίκόλαστος
1351 1829 1399 1894 καὶ

384 1927 501 2004 ἄφρων
533 1921 585 1986 διὰ
616 1920 795 1988 Καλλικλέα
827 1926 924 1999 καλός
951 1946 984 1987 τε
1011 1926 1164 2007 λκιίγαθδς
1194 1927 1349 2009 γέγονεν,
1381 1927 1399 2009 ἢ

384 2020 474 2099 ξένος
503 2015 525 2103 ἢ
553 2021 665 2096 οῖοτός,
696 2016 855 2103 ἦδοῢλος
882 2017 1112 2105 ἧέλεύθερος;
1141 2021 1225 2105 Λέγε
1246 2049 1319 2107 μοι,
1348 2024 1399 2089 έιίν

332 2127 361 2193 Β
383 2120 431 2194 τίς
451 2133 486 2182 σε
507 2129 607 2182 ταῦτα
628 2118 770 2202 έξετοίζγγ,
794 2113 819 2185 ὦ
842 2121 1048 2199 Καλλίκλεις,
1069 2122 1100 2184 τί
1121 2119 1220 2202 ἐρεῖς,
1249 2124 1324 2186 τίνα
1344 2125 1398 2206 φή-

383 2231 447 2292 σεις
467 2218 579 2298 βελτίω
601 2217 808 2300 πεποιηκέναι
834 2222 1013 2300 ἄνθρωπον
1043 2229 1081 2302 τῇ
1102 2221 1264 2306 συνουσίᾳ
1283 2231 1324 2304 τῇ
1345 2231 1397 2304 σῇς

382 2351 422 2362 -
443 2315 565 2390 Ὀκνεῖς
591 2316 849 2398 ἀποκρίνασθαι,
878 2316 966 2398 ε’ίπερ
993 2313 1058 2380 έστι
1085 2340 1116 2380 τι
1141 2313 1241 2399 ἔργον
1270 2320 1332 2383 σδν
1359 2316 1399 2384 ἔτι

433 2601 464 2651 E.
483 2599 579 2650 δοκεῖ
593 2595 632 2648 ἂν
650 2592 682 2650 εί
691 2597 756 2664 ναι]
774 2599 807 2650 V.
825 2598 928 2650 aoloeoe
947 2598 1020 2665 δοκῇ.
1054 2601 1132 2650 Recte
1151 2600 1242 2653 Clark.
1258 2604 1320 2658 Vat.
1337 2604 1398 2655 Ven.

382 2667 415 2785 51
415 2667 634 2786 Zinddiiitiidlrdmi
651 2667 730 2719 δοκεῖ.
748 2666 826 2717 Vind.
844 2666 868 2718 6.
886 2673 912 2718 et
929 2668 987 2718 Par.
1005 2668 1048 2719 W.
1066 2667 1157 2731 δοκοῑ;
1175 2669 1222 2721 aed
1240 2667 1273 2720 ἂν
1290 2673 1399 2738 pertinet

384 2830 387 2835 ’
431 2837 461 2890 Ρ.
479 2833 537 2887 515.
555 2833 571 2902 ἢ
589 2831 694 2902 αόιόε]
713 2850 764 2886 om.
781 2834 870 2887 Clark.
887 2835 947 2885 Vat.

433 2938 464 2986 B.
488 2938 559 2986 τίνα
579 2933 698 3002 φήσεις
715 2965 749 2974 -
766 2932 954 3001 ἄνθρωπον
971 2943 1005 3004 τῇ
1024 2937 1062 3006 α]
1089 2933 1250 3001 ἀνθρώπων
1267 2935 1398 3007 Hiraol'nig.

382 3003 413 3056 de
430 3004 586 3054 coniectura.

432 3106 618 3171 altrepiam
640 3122 666 3155 τι
689 3103 803 3172 ἔργον]
827 3105 915 3173 Vulgo
932 3112 992 3173 poet
1015 3106 1068 3156 ίοα
1090 3107 1265 3174 interponitur
1291 3107 1397 3168 τοιόνδε,

381 3374 448 3495 ᾐμΐᾶε
464 3376 616 3495 t{eneralior
644 3375 770 3495 (ὲοιεδιιω
792 3375 864 3457 notio
914 3375 1048 3493 {imillima
1071 3376 1156 3458 inter'
1169 3380 1396 3512 assmoortrofundenz

381 3462 463 3497 mera
493 3463 506 3495 r
564 3461 625 3495 uam
672 3459 801 3495 ermamoe
827 3460 864 3494 aro
936 3460 1037 3494 roxrma
1070 3460 1108 3495 are
1147 3462 1175 3495 ιο
1235 3463 1263 3498 re
1293 3465 1318 3498 r:
1358 3463 1375 3495 u

381 3483 524 3579 exprimenda
548 3461 648 3564 ίδῖοοιιλι
677 3513 718 3563 Iar
744 3529 770 3563 τε
794 3511 865 3562 niem
914 3513 1108 3577 priusquam
1142 3514 1305 3577 privatim
1344 3514 1396 3564 vel

381 3579 866 3645 λλιλενλῖολ,ιλιιωδίεκειλεπτοτοίῖ
913 3578 1022 3630 multa
1054 3586 1227 3646 uteunque
1266 3584 1396 3635 feoiaae

380 3648 572 3700 aeirelrdnnen?
595 3650 863 3714 Quemquemantem
914 3662 981 3696 mus
1013 3648 1065 3698 vel
1095 3649 1197 3700 multe
1230 3650 1395 3701 reatituia

382 3724 484 3769 servato
501 3716 552 3766 iato
563 3712 728 3779 ἀνθρώπους
744 3731 790 3781 pro
805 3712 863 3764 ἐιύ·
914 3731 1021 3765 semna
1038 3731 1166 3780 nosque
1184 3719 1274 3768 aatia
1292 3720 1326 3770 in
1340 3718 1395 3768 hae

380 3783 862 3850 popenreqnirialienivideaturdrv·
913 3789 985 3834 arte
1016 3785 1305 3851 exerouiaaemua,
1339 3787 1394 3836 aio·

380 3871 436 3917 χον,
454 3859 541 3902 tamen
565 3867 648 3900 sermo
671 3858 740 3900 reete
762 3850 795 3901 ad
812 3851 863 3914 pri·
914 3852 962 3900 uti
992 3851 1125 3901 seilicet
1156 3852 1189 3902 in
1220 3853 1394 3919 proverbio

381 3937 449 3970 marn
466 3935 602 3984 personam
620 3919 771 3980 revertitur,
788 3918 863 3967 ouius
914 3918 1059 3982 dieitur,
1075 3919 1109 3969 in
1126 3918 1218 3970 dolio
1236 3922 1394 3988 figlinam

381 3987 537 4055 signifieatio
560 3988 587 4035 in
604 3987 732 4035 sententia
756 4001 863 4050 genera·
914 3984 1043 4036 discere
1061 3986 1329 4052 aggrederemur.
1357 3989 1395 4039 λδ

380 4057 446 4106 liore
481 4055 550 4104 latet.
604 4052 705 4102 Similia
745 4050 863 4116 exempla
913 4050 984 4104 duero
995 4051 1119 4118 ἐτύχομεν
1130 4071 1162 4105 ex
1180 4055 1315 4108 infinitivo
1327 4062 1395 4122 ποιῆ-

380 4138 507 4190 personae
531 4123 568 4170 ita
585 4122 702 4170 variatae
719 4135 744 4169 v.
761 4118 793 4169 ad
810 4119 863 4167 Eu-
914 4134 956 4168 σοι
982 4120 1066 4185 liquet
1093 4121 1295 4189 intelligendum
1322 4126 1395 4176 relin-

380 4191 519 4256 thyphron.
541 4205 566 4253 p.
583 4186 607 4240 5.
625 4188 658 4239 A.
680 4187 749 4238 oonf.
765 4189 862 4235 Bern-
913 4189 957 4250 qui
991 4186 1161 4254 ποιήσαντες,
1193 4208 1246 4242 nau
1274 4192 1395 4259 loquendi

380 4258 497 4323 hardy.
518 4256 627 4316 syntex.
649 4271 676 4316 p.
693 4251 752 4305 423.
777 4251 862 4303 Nihili
912 4269 991 4319 prope
1003 4258 1133 4307 constanti
1146 4259 1311 4324 etlegitimo.
1329 4261 1395 4311 eoni.

381 4331 435 4388 eat,
457 4340 498 4372 orn
558 4322 562 4332 ’
697 4316 861 4384 ἀνθρώπους
912 4322 980 4372 infra
996 4339 1021 4388 p.
1038 4323 1096 4375 518.
1116 4325 1144 4376 G.
1179 4328 1221 4377 De
1239 4330 1353 4380 formula
1370 4325 1395 4377 ιδ

380 4406 426 4461 pro
726 4392 784 4451 nat,
811 4385 862 4436 dia·
912 4387 1053 4455 λεγόμενον
1071 4389 1103 4458 δὴ
1121 4401 1197 4444 τοῦτο
1215 4412 1240 4445 v.
1258 4397 1327 4463 adp.
1340 4395 1395 4448 508.
