3242 5259
562 595 792 656 GORGIAM
794 601 896 654 ..508
918 598 1020 656 aest
1241 601 1300 654 281

288 758 483 835 σπουδάζων
503 707 643 839 λε’γοιμι,
673 751 872 840 λε’γοντα,“
854 781 903 821 οτι
923 755 1159 840 κατηγορητέον
1180 758 1228 841 ε’ίη
1249 759 1303 822 καὶ

288 855 393 919 αὐτοῦ
414 854 468 919 καί
487 853 575 930 vitoe
595 855 649 919 καί
669 853 817 934 ἑταίρου,
845 853 903 918 ε’ἀν
921 878 952 918 τι
974 855 1085 937 ἀδικῇ,
1114 854 1168 919 καί
1188 867 1227 938 τῇ
1249 857 1302 938 ρη-

286 963 400 1036 τορικῇ
428 951 479 1017 ἐπὶ
506 962 602 1016 τοῦτο
632 950 796 1035 χρηστέον.
823 951 878 1016 καί
897 955 918 1016 ἃ
938 956 1057 1017 Πώλου
1078 953 1213 1037 αἰσχύνῃ
1234 957 1302 1036 ᾤου

286 1055 477 1133 συγχωρεῖν,
506 1051 614 1133 ἀληθῆ
635 1054 699 1132 ἀρα
719 1043 772 1132 ἦν,
792 1050 830 1114 τὸ
852 1043 991 1113 εἶναιτὸ
1013 1050 1136 1114 ἀδικεῖν
1155 1062 1214 1115 τοῦ
1235 1052 1300 1116 ἀδι-

285 1152 415 1212 κεῖσθαι
445 1147 572 1231 ὅσῳπερ
600 1148 725 1230 αἰσχιον
750 1148 894 1231 τοσούτῳ
921 1148 1050 1212 κάκιον·
1079 1147 1133 1212 καί
1153 1149 1212 1211 τὸν
1232 1147 1301 1230 μέλ·
1325 1154 1353 1221 G

285 1249 388 1310 λοντα
419 1244 528 1327 ὀρθῶς
557 1245 729 1328 ῥητορικὸν
756 1242 886 1310 ἔσεσθαι
913 1246 1039 1310 δίκαιον
1066 1251 1130 1324 ἀρα
1151 1247 1201 1310 δεῖ
1221 1241 1303 1310 εἶναι

285 1344 341 1406 καί
362 1340 558 1425 ἐπιστήμονα
577 1347 643 1405 τῶν
663 1343 806 1420 δικαίων,
836 1345 854 1407 ὃ
875 1337 916 1406 αὖ
939 1345 1081 1425 Γοργίαν
1103 1341 1164 1426 ἔφη
1187 1348 1303 1420 Πῶλος

286 1435 324 1505 δι’
363 1441 519 1523 αἰσχύνην
552 1440 758 1523 ὁμολογῆσαι.
822 1442 900 1530 Cap.
931 1443 1053 1509 LXIV.
1109 1444 1242 1506 Τούτων
1268 1441 1303 1508 δὲ

286 1541 391 1618 οὕτως
420 1541 576 1625 ἐχόντων,
606 1535 819 1624 σκεψώμεθα,
846 1544 877 1605 τί
903 1533 970 1605 πότ’
1001 1539 1086 1605 ἐστιν
1114 1543 1135 1603 0
1163 1540 1204 1604 σὺ
1233 1540 1303 1623 ἐμοὶ

287 1641 468 1720 ὀνειδίζεις,
500 1628 563 1720 ἀρα
590 1644 694 1713 καλῶς
714 1638 854 1722 λέγεται,
883 1639 983 1722 ἢοῦ,
1014 1639 1057 1713 ὡς
1077 1643 1140 1719 ἀρα
1162 1637 1224 1721 ἐγὼ
1245 1641 1303 1721 οὐχ

286 1732 357 1822 οἰός
391 1749 419 1801 τ’
456 1738 518 1821 εἰμί
556 1739 718 1820 βοηθῆσαι
744 1741 819 1801 οὔτε
848 1735 975 1823 ἐμαυτῷ
1004 1742 1078 1802 οὔτε
1105 1741 1170 1800 τάν
1198 1738 1304 1818 φίλων

286 1833 397 1903 οὐδενί
419 1833 494 1899 οὐδὲ
513 1839 579 1899 τοῖν
597 1836 736 1913 οἰκείων,
758 1835 826 1900 οὐδ’
850 1833 985 1899 ἐκσῶσαι
1006 1832 1125 1898 ἐκτῶν
1146 1836 1303 1917 μεγίστων

285 2072 346 2121 Vat.
363 2069 611 2124 notavisset.
634 2070 773 2121 Venas.
796 2071 855 2123 Par.
873 2071 997 2121 BCEW.
1019 2072 1125 2122 Meerm.
1141 2070 1215 2121 BodI.
1232 2072 1302 2120 Flor.

285 2157 309 2190 a.
327 2142 351 2190 b.
370 2155 393 2189 e.
412 2139 435 2188 d.
454 2139 471 2192 f.
490 2154 513 2189 o
532 2155 551 2189 s.
575 2138 636 2188 Ald.
648 2140 707 2189 Bas.
720 2137 781 2188 1.2.
806 2140 892 2188 Etiam
910 2138 1019 2200 Quintil
1038 2140 1071 2202 11,
1090 2137 1130 2189 15.
1149 2138 1198 2188 δεῖ.
1221 2140 1301 2188 Hein-

285 2208 352 2256 dorf.
369 2224 402 2258 ex
420 2207 477 2257 Par.
497 2205 549 2256 ἔδει
566 2208 676 2290 scripsit.

339 2293 366 2324 τι
385 2271 449 2324 τότ’
470 2271 597 2324 ἐστιν”
581 2293 597 2324 α
617 2271 669 2340 οὐ]
688 2275 719 2324 V.
739 2276 805 2333 τίνα,
823 2289 914 2324 rursus
930 2280 1031 2338 praeter
1048 2273 1166 2324 codicum
1182 2273 1266 2322 fidem.

340 2339 456 2393 οὐδενί
476 2337 559 2392 οὐδὲ
577 2341 640 2393 τάν
658 2340 811 2405 οἰκείων]
835 2341 909 2391 Libri
926 2358 1016 2392 omnes
1033 2338 1098 2391 οὐδὲ
1116 2341 1167 2391 τῶν
1185 2341 1300 2401 οἰκείων,

286 2411 356 2475 quod
374 2416 443 2460 reete
461 2416 598 2460 servarunt
614 2412 704 2460 Astiue
723 2416 749 2459 et
765 2411 911 2460 Bekkerus.
945 2410 995 2460 Sed
1012 2409 1161 2460 Findeisen.
1179 2419 1205 2459 et
1221 2411 1302 2459 Hein-

285 2479 351 2531 dors.
375 2483 542 2528 correxerunt
564 2474 631 2528 οὔτε.
666 2479 703 2527 At
724 2480 793 2527 enim
816 2494 878 2527 vero
901 2495 954 2528 non
976 2485 1028 2527 tres
1045 2477 1096 2527 dist
1086 2479 1240 2561 tinguuntur
1256 2494 1302 2528 no·

285 2547 382 2608 tiones,
409 2545 454 2596 sed
477 2543 556 2608 dnae,
577 2547 615 2595 its
637 2551 668 2594 nt
690 2541 750 2596 οὔτε
774 2543 877 2612 ἐμαυτῷ
900 2552 926 2594 et
951 2543 1011 2595 οὔτε
1033 2544 1085 2594 τῶν
1105 2548 1191 2608 φίλων
1208 2540 1300 2594 οὐδενί

284 2615 353 2664 inter
363 2630 391 2665 se
403 2583 575 2678 opponanttir.
607 2614 663 2663 Iam
674 2613 707 2664 ad
719 2613 828 2663 alterum
845 2598 896 2664 h'oo
914 2613 1016 2663 additur
1034 2609 1151 2663 οὐδὲ
1116 2632 1168 2663 των
1185 2612 1301 2674 οἰκείων,

287 2859 335 2900 tar.
359 2851 387 2899 in
412 2848 496 2898 Ethie.
519 2849 652 2899 Aristotel
669 2849 770 2899 Nioom.
823 2848 853 2899 O.
878 2849 1022 2914 Euthyphr.
1046 2866 1070 2914 p.
1095 2849 1135 2901 15.
1159 2852 1191 2901 Δ.
1222 2851 1301 2916 Hipp

285 2916 380 2983 ρ212
398 2933 468 2981 seqq.
487 2914 527 2966 ed.
544 2916 664 2967 Francos
821 2918 884 2966 Mei.
898 2932 923 2981 p
935 2916 1029 2968 285.D
1006 2917 1144 2982 D.ibiqne
1160 2935 1215 2968 var.
1232 2920 1303 2970 lectt.

285 2935 414 3035 ΡΕἶεν
443 2982 696 3067 ἢίξιλεγκτίοτ
719 2982 767 3050 -]
822 2985 873 3034 Sed
894 3002 947 3035 non
969 3002 1055 3036 raram
1077 3002 1133 3037 esse
1156 2986 1225 3036 hano
1242 3003 1303 3038 oon-

284 3054 373 3102 Etiam
386 3054 504 3103 hocloco
519 3044 574 3101 εἶεν
590 3053 768 3102 transitionem
821 3055 988 3103 structionem
1012 3054 1089 3105 hodie
1111 3056 1175 3105 eatis
1195 3063 1302 3106 constat

285 3121 348 3170 facit
371 3120 405 3170 ad
429 3121 508 3170 eliam
534 3136 596 3170 rem.
618 3137 643 3169 v.
667 3119 699 3169 ad
716 3121 768 3169 Eu·
820 3122 947 3187 Exempla
964 3121 1253 3188 collegitHeindors.
1269 3124 1302 3173 κδ

286 3190 351 3253 thyp
352 3188 390 3238 hr.
412 3204 437 3252 p.
458 3186 499 3238 13.
517 3189 551 3237 D.
577 3188 610 3237 ad
636 3187 767 3240 Phaedon.
819 3188 845 3238 h.
863 3190 881 3238 l.
905 3195 931 3239 et
951 3191 1114 3253 Krueger.
1132 3190 1165 3239 ad
1183 3192 1302 3256 Xenoph.

283 3255 368 3322 p95.
386 3257 417 3305 A.
452 3256 539 3306 Verba
560 3257 599 3306 sie
620 3255 766 3320 intelligas·
818 3256 934 3307 Anabas.
951 3259 972 3318 Ι,
992 3255 1032 3318 10,
1051 3256 1091 3307 14,

282 3327 350 3374 Iam
378 3331 435 3374 aut
461 3322 653 3373 refellenda
685 3324 767 3373 haee

283 3391 474 3456 disputatio
509 3395 560 3440 est
589 3397 688 3455 atque
719 3390 767 3440 do·

283 3459 420 3510 cendum
447 3474 511 3508 non
539 3459 699 3509 iustitiae
730 3473 766 3508 ao

283 3527 529 3592 temperantiae
546 3527 767 3590 possessione

282 3596 438 3644 homines
456 3595 575 3644 felices
592 3595 767 3644 exsistere

283 3665 323 3713 De
348 3663 398 3713 hoe
420 3677 470 3711 usu
491 3660 565 3712 verbi
585 3660 725 3728 ἐξελέγχειν
741 3678 766 3711 v.
819 3665 907 3748 aerms’
916 3711 962 3760 pro
979 3696 1036 3746 his:
1054 3693 1221 3758 τὰπρόσθθ,
1238 3693 1298 3762 γὰρ

281 3732 358 3795 “dp
377 3727 436 3781 467
454 3730 486 3779 Α
818 3761 946 3813 suessan.
965 3783 984 3813 τ.
1004 3767 1081 3814 t-
1107 3765 1171 3813 Mox
1194 3780 1241 3814 eur
1263 3765 1300 3813 di-

315 3833 347 3882 B.
389 3833 506 3883 κακιατ
535 3829 570 3880 δὲ
595 3827 709 3881 ἄθλιοι
736 3830 768 3914 ol
818 3823 1146 3898 οἰοωείίἀληθῆάραῆν,
1165 3832 1301 3898 apparebit

271 3897 412 3981 ’ἀθλιοιῙ
430 3899 464 3949 Η,
482 3914 504 3948 e.
523 3895 690 3951 οὐδὲκακίατ
708 3895 765 3964 κτή-
817 3915 850 3949 ex
868 3906 954 3951 annot
973 3901 1006 3950 ad
1022 3899 1153 3950 Phaedon
1171 3916 1197 3980 p,
1215 3897 1299 3952 68..ss

283 3983 323 4017 σει
349 3963 436 4016 ἄθλιοι
459 3965 486 4015 οἱ
508 3963 603 4017 ἄθλιοι.
638 3967 706 4017 Nam
723 3982 767 4015 ne-
818 3983 874 4032 eap.
897 3968 971 4018 XIII.
1010 3970 1042 4017 In
1068 3969 1192 4033 proximis
1219 3969 1300 4017 satIns

280 4035 363 4102 gandi
374 4034 502 4099 particula
518 4035 641 4084 etiamad
659 4034 765 4084 alteram
817 4035 938 4086 duximus
951 4052 1054 4087 servare
1068 4034 1186 4086 codicum
1202 4043 1300 4085 nostro·

280 4104 411 4154 enuntiati
435 4110 533 4166 partem
559 4102 693 4153 referenda
718 4109 873 4156 ostrum
895 4105 1046 4168 scripturam
1066 4099 1198 4153 δι’καιον”
1182 4121 1235 4168 opo
1253 4102 1300 4162 δεῖ,

279 4171 404 4236 vadp.
421 4168 479 4220 512.
498 4172 529 4219 A.
694 4186 702 4198 ·
817 4187 895 4235 quum
920 4170 1146 4220 Heindorfius
1170 4170 1222 4221 ίδει
1247 4172 1300 4220 edi-

817 4239 889 4288 derit.

852 3354 886 3406 τὰ
905 3355 1062 3418 πρόσθεν
1080 3356 1249 3421 ἐκεῖνα-1
1268 3358 1300 3408 V.

817 3441 842 3490 p.
859 3423 918 3476 480.
935 3426 964 3474 B.
983 3441 1053 3488 seqq.
1087 3424 1223 3473 illustrant
1239 3443 1300 3476 vero

818 3493 883 3542 haee
900 3493 1044 3542 sententiae
1059 3508 1225 3557 praegressae
1242 3509 1299 3558 par-

818 3567 869 3610 tem
892 3567 1062 3624 postremam.
1086 3563 1113 3609 τί
1134 3558 1164 3609 τὰ
1188 3562 1299 3642 συμβαί-

820 3645 907 3686 ν,οντα
925 3628 1035 3693 ideisque
1047 3625 1234 3678 adiiciuntur
1218 3644 1299 3678 ασνν-

317 4277 350 4321 τί
370 4268 405 4321 τὰ
430 4269 677 4336 συμβαίνοντα]
702 4273 765 4322 Mox

278 4346 342 4391 sect.
361 4339 397 4389 G:
417 4341 444 4388 τί
459 4335 513 4388 πότ’
533 4335 636 4388 ἑστινά
657 4335 689 4388 σύ
707 4338 765 4400 ίμοί
852 4340 914 4404 Cap.
932 4340 1025 4389 LXIV.
1061 4339 1090 4390 0.
1125 4336 1298 4402 ἀσάίμοὶ

277 4404 428 4471 ὀνειδίζεις.
445 4407 542 4462 Phaed.
556 4423 581 4471 p.
593 4404 635 4457 57.
645 4408 677 4457 A.
688 4423 712 4472 p.
724 4405 765 4459 58.
817 4404 886 4458 ἀνει
895 4409 909 4457 δ
918 4405 1018 4474 igere]
1037 4408 1068 4458 V.
1082 4424 1108 4472 p.
1119 4404 1177 4461 486.
1187 4410 1219 4459 A.
1227 4409 1257 4460 B.
1268 4409 1297 4460 O.
