3242 5259
308 584 368 638 ³40
444 638 450 645 ,
686 580 690 587 ’
714 573 909 634 PLATONIS

307 741 348 806 ού
368 740 447 822 γιίρ,
477 732 583 824 οἶμαι,
613 737 685 822 ἐξῆν
707 739 808 825 αὐτῷ·
837 733 887 800 διδ
908 735 962 801 καί
982 731 1260 818 εὐδαιμονέστερος
1278 727 1321 816 ἦν

307 839 328 922 ἢ
350 832 399 913 οἷς
420 838 500 919 ἐξῆν.
524 837 603 901 ἄλλα
623 839 695 920 γάρ,
723 829 749 900 ὦ
772 835 969 911 Καλλίκλεις,
992 832 1026 897 ἐκ
1046 836 1111 896 τῶν
1131 827 1320 910 δυναμένων

223 935 286 1001 526
308 936 368 1002 είσί
381 936 436 1000 καί
457 936 489 1026 ql
507 937 635 1017 σφόδρα
656 932 792 1017 πονηροὶ
812 933 998 1015 γιγνόμενοι
1016 935 1207 1011 ἄνθρωποι·
1229 928 1323 994 οὐδὲν

309 1033 374 1121 μὴν
388 1036 503 1099 κωλύει
522 1034 575 1099 καί
596 1033 631 1098 ἐν
653 1035 779 1107 τούτοις
800 1031 946 1114 ἀγαθοὺς
967 1030 1087 1110 ἄνδρας
1107 1027 1326 1110 ἐγγίγνεσθαι,

309 1133 364 1198 καὶ
384 1133 512 1214 σφόδρα
531 1154 567 1215 γε
587 1132 678 1210 ἄξιον
698 1136 841 1213 ἄγασθαι
861 1134 926 1193 τῶν
945 1126 1166 1210 γιγνομένων
1185 1128 1327 1209 χαλειιδν

310 1233 382 1315 γύρ,
404 1222 430 1295 ὦ
447 1233 641 1308 Καλλίκλεις,
662 1230 715 1294 καί
735 1233 857 1294 πολλοῦ
879 1226 1015 1291 ἐπαίνου
1034 1226 1126 1303 ι’ίξιον
1146 1224 1183 1289 ἐν
1203 1226 1324 1308 μεγοίλγ

311 1329 438 1414 ἐξουσία
452 1340 510 1392 τοῦ
531 1329 652 1392 ιίδιιιείν
672 1329 849 1410 γενόμενον
871 1326 1000 1398 δικαίως
1020 1325 1199 1406 διαβιῶναι.
1221 1323 1327 1406 ὀλίγοι

310 1428 344 1493 δὲ
371 1428 538 1510 γίγνονται
568 1426 599 1490 oi
625 1436 779 1490 τοιοῦτοι·
809 1425 875 1489 ἐπεὶ
905 1425 958 1488 καί
986 1421 1103 1486 ἐνθάδε
1132 1421 1188 1486 καὶ
1206 1426 1329 1486 ἄλλοθι

310 1528 498 1609 γεγόνασιν,
531 1517 621 1606 οίμαι
648 1522 682 1587 δὲ
710 1524 763 1587 καί
783 1520 917 1611 ἔσονται
930 1521 1023 1585 καλοὶ
1042 1521 1185 1604 ιιιίγαδοί
1204 1523 1329 1599 ταύτην

258 1629 287 1694 Β
310 1622 370 1707 τὴν
391 1624 524 1705 ἀρετήν,
554 1621 615 1704 τὴν
643 1632 701 1686 τοῦ
722 1622 853 1695 δικαίως
872 1621 1069 1702 διαχειρίζειν
1089 1623 1109 1683 ἃ
1130 1624 1173 1683 ἄν
1193 1642 1244 1695 τις
1265 1618 1327 1684 ἐπι-

310 1719 427 1804 τρέπῃ·
458 1714 502 1796 εἷς
531 1720 564 1784 δὲ
594 1719 647 1784 καί
676 1721 763 1784 πάνυ
791 1718 956 1802 ἐλλόγιμος
975 1716 1089 1801 γέγονε
1109 1719 1165 1782 καί
1185 1719 1232 1793 είς
1252 1720 1324 1793 τοὺς

310 1814 602 1902 ἄλλουςἝλληνας,
621 1811 852 1900 Ἀριοτείδηςὸ
868 1821 1066 1900 Λυσιμάχου.
1088 1817 1121 1880 οἱ
1139 1817 1174 1881 δὲ
1199 1818 1322 1897 πολλοί,

361 2056 391 2105 Ρ.
408 2053 466 2106 526.
502 2053 553 2103 καί
581 2050 711 2117 σφόδρα
734 2069 768 2118 γε
790 2047 899 2119 ἄξιον]
923 2069 953 2117 γε
976 2068 1025 2101 om
1045 2051 1321 2117 Steph.cuml²ar.1.

208 2162 211 2167 .
312 2130 338 2173 et
354 2126 445 2189 paucis
463 2122 529 2173 aliis.

363 2188 420 2258 τὴν
437 2196 493 2241 τοῦ
512 2190 650 2241 δικαίως
669 2187 762 2255 drap]
787 2187 853 2253 „uia
869 2187 957 2237 addidi
974 2202 1007 2236 ex
1023 2203 1076 2237 uno
1093 2188 1166 2238 Flor.
1183 2205 1211 2238 x.
1240 2188 1318 2238 Vetas

312 2259 431 2310 lectionis
442 2260 581 2324 vestigium
594 2256 718 2308 remansit
731 2257 800 2322 apud
813 2255 1012 2317 Theodoretum,
1029 2257 1075 2305 ubi
1092 2271 1138 2321 pro
1158 2262 1205 2306 τοῦ
1223 2255 1321 2308 δικαίας

311 2328 407 2394 legitur
420 2323 453 2393 ἦν
466 2346 502 2377 τοι
518 2326 645 2378 δικαιάς.”
671 2327 744 2375 Haec
757 2327 794 2374 ita
807 2325 870 2374 olim
887 2325 1049 2390 scripseram.
1083 2324 1125 2373 Ad
1143 2341 1212 2388 quae
1224 2325 1324 2375 Astius:

312 2398 388 2458 „Imo
411 2396 547 2445 articulum
571 2391 617 2460 τὴν
639 2399 697 2459 post
720 2390 818 2459 ἀρετὴν
843 2399 946 2456 propter
970 2399 1125 2457 postremam
1150 2393 1230 2443 huius
1256 2393 1326 2443 vocis

313 2465 441 2529 syllabam
458 2470 563 2529 apparet
580 2461 735 2514 excidisse.’'
770 2461 852 2522 Quasi
870 2476 930 2510 vero
949 2476 997 2526 ego
1014 2460 1064 2511 hoc
1082 2462 1248 2525 negavcrim!
1275 2460 1326 2511 Sed

312 2535 349 2583 ita
366 2532 411 2583 ille
424 2548 505 2596 saepe
522 2548 597 2582 suum
614 2530 684 2580 istud
700 2531 774 2592 imo,
801 2531 863 2578 imo
887 2530 1000 2593 potius
1017 2533 1043 2578 et
1058 2529 1156 2578 similia
1174 2529 1260 2592 addit,
1281 2529 1327 2577 ubi

312 2603 394 2667 ipsius
418 2601 547 2651 sententia
573 2616 588 2648 a
610 2603 698 2649 nostra
721 2597 764 2647 vel
791 2596 901 2647 aliorum
926 2598 1047 2662 opinione
1065 2599 1172 2647 minime
1190 2597 1327 2663 discrepat.

313 2669 387 2732 Quod
404 2668 484 2719 semel
501 2670 530 2717 in
546 2667 598 2717 fine
616 2667 700 2732 operis
717 2665 929 2715 animadvertisse
947 2667 1009 2716 satia
1028 2666 1082 2714 crit.

362 2739 391 2787 Β.
426 2738 478 2787 καί
504 2735 553 2788 ele
578 2731 652 2788 rode
675 2731 793 2786 ciliove
810 2731 903 2800 Ἕλλ]
928 2736 984 2792 καί,
1008 2733 1076 2798 quod
1099 2733 1182 2799 vulgo
1199 2733 1327 2784 desidora-

314 2805 397 2868 batur,
415 2805 530 2855 additum
548 2810 587 2854 est
605 2821 637 2853 cx
655 2803 743 2853 Clark.
761 2803 822 2852 Vat.
838 2801 918 2852 Coisl.
931 2803 995 2853 Ven.
1013 2801 1074 2852 ΞΣ.
1100 2802 1179 2852 Vind.
1194 2801 1218 2852 1.
1232 2801 1257 2855 2.
1268 2802 1291 2854 6.
1304 2801 1326 2853 7.

347 3041 377 3090 Ε.
396 3039 473 3104 ἐξῆν
487 3034 581 3106 αύτῷ]
597 3037 683 3087 Intell.
692 3036 795 3121 μέγιστα
847 3054 904 3102 cap.
920 3037 961 3091 25.
985 3038 1134 3104 philosophi
1158 3039 1326 3106 comprobans

314 3108 356 3158 καί
367 3103 527 3158 ἀνοσιώτατα
536 3104 702 3173 ἁμαρτήματα
711 3123 794 3167 αμαρ·
845 3107 979 3156 iudicium.

315 3175 410 3227 ια’νειν.
460 3176 531 3227 Male
566 3175 612 3225 alii
645 3174 796 3240 intelligunt
881 3176 910 3223 B.
945 3175 997 3224 καί
1029 3174 1076 3226 ele
1105 3171 1179 3227 τοὺς
1210 3173 1320 3227 ἄλλους

314 3241 411 3312 durdago
428 3245 577 3312 γίγνεσθαι.
842 3240 934 3309 Ἑλλ]
963 3260 1015 3293 non
1044 3243 1127 3292 solum
1155 3245 1227 3308 apud
1253 3244 1326 3293 Athe·

348 3315 377 3363 P.
395 3311 454 3364 526.
484 3310 592 3378 ὀλίγοι
611 3311 645 3363 δὲ
661 3314 794 3377 γίγνον-
847 3314 957 3361 aienses.
994 3310 1046 3363 Ele
1075 3328 1107 3360 ne
1133 3314 1192 3375 quis
1217 3313 1326 3377 positum

316 3380 378 3448 ιαι]
406 3383 490 3433 Totus
513 3382 556 3432 hic
572 3383 646 3431 locus
664 3397 745 3445 caque
762 3379 796 3429 ad
847 3397 893 3445 pro
916 3378 947 3429 ἐν
969 3380 1099 3444 opinetur,
1123 3382 1234 3430 meliora
1255 3381 1326 3430 docc-

315 3451 473 3514 superiorem
509 3451 646 3499 editionem
681 3456 795 3498 nostram
848 3449 914 3498 bunt
935 3464 1001 3511 quae
1023 3448 1135 3497 diximus
1159 3449 1192 3497 ad
1210 3449 1328 3513 Sympos.

316 3515 796 3568 vitiosedistinctuscircumferebatur.
848 3533 905 3581 cap.
917 3516 974 3564 VII.
1001 3515 1129 3565 Videlicet
1142 3513 1272 3581 ἐλλόγιμοι
1290 3515 1328 3568 ειέ

316 3588 381 3636 Nam
407 3594 467 3635 ante
490 3581 574 3650 ὀλίγοι
595 3583 623 3634 δέ
640 3587 724 3633 minor
742 3590 797 3633 erat
849 3604 867 3634 ι.
880 3584 931 3635 ἄλλ.
942 3582 1067 3649 Ἕλληνας
1081 3592 1189 3633 vocatur
1205 3587 1237 3646 is,
1255 3586 1328 3634 cuius

316 3655 495 3719 interpunctio,
506 3659 566 3702 ante
576 3650 632 3701 ἐπεὶ
643 3654 685 3701 καί
697 3649 796 3701 ἐνθάδε
848 3654 917 3702 fama
946 3653 1073 3702 diffusa
1099 3659 1124 3701 et
1150 3669 1268 3717 sparsa
1290 3658 1329 3702 est

317 3729 401 3772 autem
421 3722 495 3786 plone
513 3719 726 3786 distinguebatur.
762 3722 798 3769 At
849 3721 886 3771 ad
903 3721 1053 3784 reliquos
1072 3720 1228 3771 Graecos.

316 3793 385 3840 enim
408 3806 468 3839 vcro
492 3788 552 3838 inde
575 3788 607 3836 ab
627 3784 708 3852 ὀλίγοι
726 3786 756 3837 δὲ
772 3805 796 3852 γ.
882 3790 944 3854 Cap.
961 3789 1095 3839 LXXXII.
1130 3783 1329 3854 ἐπισημηνά-

316 3875 413 3908 novam·
434 3859 513 3907 ordiri
536 3857 704 3916 sententiam,
732 3872 797 3919 quae
849 3875 959 3918 pavor,
985 3855 1045 3906 ἐάν
1069 3875 1098 3906 ιι
1116 3857 1163 3920 -Ι
1193 3859 1240 3918 „In
1258 3855 1328 3908 Libr.

316 3927 409 3977 dcinde
436 3928 519 3978 fusius
545 3924 703 3984 illustretur,
732 3923 797 3972 adeo
849 3927 881 3976 X.
907 3927 938 3976 de
964 3924 1072 3990 Republ.
1099 3941 1125 3989 p.
1150 3925 1208 3976 614.
1234 3926 1263 3975 C.
1289 3941 1328 3974 re·

317 3997 481 4047 manifestum
508 3999 561 4055 est,
590 3997 619 4042 ut
646 3994 690 4040 vix
717 3990 797 4041 verbo
848 3996 929 4044 fertur
961 3993 1081 4046 δικαστὰς
1119 3990 1214 4057 μεταξύ
1252 3994 1328 4045 δυοῖν

317 4079 381 4128 opus
408 4065 448 4113 sit
489 4061 558 4112 Illud
584 4068 668 4110 tamen
692 4077 797 4110 monen-
848 4061 987 4126 χασμιίιοιν
1014 4062 1162 4126 καθῆσθαι·
1190 4058 1238 4114 οὓς
1261 4060 1327 4111 ἐπει-

317 4133 378 4181 dum
401 4132 515 4193 videtur,
538 4131 644 4181 verbum
665 4132 798 4194 γίγνονται
849 4128 880 4197 δὴ
907 4127 1097 4187 διαδικάσειαν,
1130 4126 1190 4181 τοδε
1218 4131 1268 4190 μὲν
1291 4127 1326 4178 δι-

318 4199 413 4250 habere
436 4197 554 4249 advectu.
590 4200 696 4248 Rectam
719 4198 796 4247 ratic·
847 4203 938 4251 καιόνο
959 4197 1074 4249 κελεύειν
1097 4196 1261 4261 πορεύεσθαι
1283 4193 1329 4262 τὴν

318 4285 375 4317 nem
412 4267 546 4318 novissimi
581 4268 691 4317 editores
725 4266 799 4316 taciti
846 4267 886 4319 ale
909 4267 998 4330 δεξιάν
1023 4285 1048 4317 ιε
1071 4268 1113 4316 καί
1138 4263 1194 4316 ἄνω
1211 4263 1260 4333 idad
1285 4267 1328 4314 τοῦ

316 4335 478 4401 adoptarunt
504 4335 667 4386 dffcrthunc
679 4334 798 4385 Platonis
846 4331 980 4400 ούρανοῦ,
1006 4341 1126 4399 σημεῖα
1144 4332 1327 4401 περιξάραν·

316 4403 404 4454 locum
426 4402 589 4457 Plutarch
618 4401 798 4469 mahil-ti&
847 4420 900 4458 tcs
928 4406 981 4453 saia
1012 4401 1208 4464 δεδικασμένων
1237 4401 1268 4452 ἐν
1295 4405 1329 4467 ιγ]
