3242 5259
510 615 691 676 GORGIAS.
712 616 745 675 P.
770 620 839 674 508.
863 619 933 673 509.
955 614 999 672 ed.
1023 613 1064 673 st.
1230 614 1290 670 283

276 783 370 860 σῶμα
397 776 433 841 τὸ
463 777 540 860 ἐμὸν
562 782 635 842 οότε
655 778 693 842 τὸ
713 777 906 860 βαλάντιον,
934 777 1013 840 ἀλλὰ
1034 777 1070 838 τὸ
1090 777 1220 838 τύπτειν
1239 774 1293 838 καὶ

278 875 332 958 ἐμὲ
347 874 402 940 καὶ
417 874 458 939 τδι
472 873 532 957 έμδι
548 875 665 950 ἀδίκως
680 874 734 939 καὶ
749 871 875 956 τέμνειν
889 873 943 938 καὶ
958 874 1083 956 αἴσχιον
1099 873 1151 936 καὶ
1168 874 1293 948 κάκιον,

277 974 333 1038 καὶ
370 971 515 1039 κλέπτειν
543 994 579 1054 γε
609 972 674 1054 ἀμα
704 971 759 1037 καὶ
787 972 1078 1068 ἀνδραποδίζεσθαι
1104 969 1158 1034 καὶ
1185 992 1293 1051 τοιχω-

278 1077 391 1155 ρυχεῖν
427 1071 481 1135 καὶ
509 1070 692 1152 συλλήβδην
721 1071 833 1135 ὁτιοῦν
861 1071 983 1134 ἀδικεῖν
1006 1068 1065 1134 Ικαὶ
1092 1066 1146 1150 ἐμὲ
1172 1066 1227 1132 καὶ
1255 1065 1294 1130 τδι

279 1169 341 1253 έμδι
368 1177 412 1249 τῷ
440 1169 605 1233 ἀδικοῦντι
634 1168 688 1232 καὶ
715 1170 829 1233 κάκιου
856 1166 910 1231 καὶ
932 1168 1057 1248 αἴσχιον
1079 1160 1161 1229 εἶναι
1181 1164 1201 1247 ἢ
1224 1163 1293 1244 ἐμοὶ

278 1271 325 1352 τῷ
343 1264 554 1350 ἀδικουμένῳ.
575 1276 676 1330 ταῦτα
695 1267 774 1349 ἡμῖν
795 1269 863 1329 ἀνω
885 1265 950 1329 ἐκεῖ
968 1263 1004 1328 ἐν
1023 1269 1091 1339 τοῖς
1111 1260 1295 1345 ἔμπροσθεν

279 1367 391 1448 λόγοις
411 1364 495 1428 οὕτω
517 1362 669 1446 φανέντα,
692 1364 736 1438 ἀς
757 1361 819 1444 ἐγὼ
839 1360 931 1445 λέγω,
956 1361 1117 1444 κατέχεται
1137 1360 1190 1425 καὶ
1210 1361 1294 1425 δέδε-
1384 1410 1388 1417 .

277 1487 348 1539 ται,
377 1463 431 1527 καὶ
459 1464 487 1525 ελ
516 1462 746 1544 ἀγροικότερόυ
776 1483 805 1524 τι
835 1462 935 1525 εἰπεῖν
962 1458 1043 1535 ἐστι,
1072 1461 1214 1543 σιδηροῖς
1242 1458 1297 1522 καὶ
1317 1464 1380 1528 509

278 1562 509 1645 ἀδαμαντίνοις
535 1561 663 1641 λόγοις,
692 1559 735 1634 ὡς
763 1565 847 1639 γοῦν
872 1558 1054 1636 ἂνδόξειεν
1075 1558 1209 1634 οὑτωσί,
1238 1551 1296 1634 οὓς

281 1746 345 1798 τι.
373 1744 452 1796 vus.
475 1743 499 1796 1.
521 1726 555 1795 κ’
569 1741 593 1796 τ.
619 1745 679 1795 Par.
700 1743 833 1794 nourr.
860 1744 930 1795 rior.
952 1742 976 1792 ι.
999 1759 1023 1794 0.
1045 1759 1072 1793 x.
1099 1742 1173 1794 uon.
1190 1744 1297 1793 usam.

278 1817 342 1866 Bas.
365 1812 389 1863 1.
412 1812 436 1864 2.
458 1811 606 1878 βαλάντιον.
630 1829 655 1865 v.
679 1809 712 1862 ad
734 1813 824 1878 Remp.
847 1811 868 1861 L
890 1828 916 1878 p.
938 1808 997 1862 348.
1020 1813 1053 1861 D.
1083 1811 1129 1862 IX.
1147 1827 1172 1877 p.
1190 1809 1248 1862 575.
1266 1812 1297 1862 B.

278 1883 399 1948 Sympos
416 1897 441 1946 p.
460 1878 517 1932 190.
534 1881 564 1930 E.
640 1925 643 1929 ,
1046 1909 1049 1915 -

332 1950 385 2000 καὶ
403 1946 522 2000 κάκιον
539 1949 742 2012 καλαῖσηιον
759 1940 865 2012 εἶναι]
883 1946 945 1997 Alio
963 1945 1052 1997 ordine
1070 1947 1113 1997 καὶ
1131 1947 1235 2010 αἴσχιον
1253 1947 1295 1996 καλ

279 2016 372 2067 κάκιον
395 2010 465 2067 εἶναι
495 2019 561 2068 Ven.
586 2016 646 2067 ΞΣ.
674 2014 752 2065 Vind.
774 2013 798 2065 2.
823 2013 846 2065 λ.
873 2015 932 2064 Par.
956 2015 1009 2065 IV.
1040 2015 1110 2065 Flor.
1132 2014 1157 2067 b.
1181 2015 1205 2064 d.
1228 2015 1297 2081 Aug.

280 2088 388 2136 Meerm.
406 2083 480 2135 Bodl.

332 2150 401 2203 ἅνω
419 2151 492 2202 ἐκεῖ
506 2151 542 2201 ἐν
560 2158 628 2204 τοῖς
644 2148 854 2216 ἔμπροσθεν]
873 2145 1070 2214 musurgam
1080 2147 1297 2198 duaidelcrirult.

280 2221 371 2271 Clark.
396 2222 454 2274 Vat.
474 2217 587 2282 πρόσθε.
612 2219 773 2270 cois1.ven.
793 2217 855 2269 ΞΣ.
881 2216 994 2268 vinda.
1008 2216 1032 2268 6.
1049 2217 1210 2269 Paslvw.
1227 2216 1297 2267 Flor.

279 2289 306 2343 b.
321 2307 348 2339 x.
366 2287 440 2339 Bodl.
451 2284 582 2352 πρόσθεν.
601 2287 669 2337 Vett.
681 2286 750 2337 editt.
764 2287 927 2351 ἔμπροσθεν.
951 2286 1099 2350 Scripturas
1109 2285 1173 2335 haec
1184 2285 1297 2335 varietas

280 2357 420 2408 admodum
438 2357 559 2421 frequens
577 2362 626 2419 est,
642 2355 673 2405 de
692 2370 744 2420 qua
760 2356 814 2405 iam
830 2356 858 2404 in
876 2353 1053 2420 superioribus
1072 2354 1247 2418 exposuimus.

281 2527 401 2576 Trinum.
426 2526 473 2588 IV,
492 2525 524 2587 2,
546 2523 588 2579 20.
614 2527 764 2574 sectores
815 2523 928 2573 tenenda
961 2527 1022 2574 sunt
1055 2539 1120 2587 quae
1150 2523 1298 2574 acutissime

279 2594 533 2655 nonarios'vocat,
545 2609 570 2642 v.
582 2592 764 2644 Oasaobon.
816 2591 959 2655 disputavit
975 2592 1149 2644 Hermann.
1165 2591 1199 2640 ad
1210 2592 1298 2656 vigor.

282 2662 316 2712 ad
343 2661 438 2711 Athen.
464 2677 488 2726 p.
516 2659 572 2712 121.
613 2661 764 2724 Xenoph.
816 2676 841 2724 p.
858 2658 917 2710 832.
951 2660 1054 2709 Etenim
1072 2659 1115 2708 καλ
1133 2659 1160 2708 εἰ
1175 2655 1298 2725 ἀγροικό-

280 2731 402 2794 Sympos.
417 2731 462 2793 IV,
477 2726 524 2779 36:
544 2724 576 2779 δι’
595 2728 700 2778 ἔνδειαν
716 2727 764 2788 μὲν
818 2725 896 2790 τερόν
926 2745 946 2776 ιι
970 2727 1055 2777 εἰπεῖν
1079 2726 1133 2776 ἐστι
1155 2727 1298 2793 significat:

280 2797 331 2863 γὰρ
346 2795 430 2862 δήπου
449 2796 476 2845 οἱ
493 2796 542 2857 μὲν
559 2793 720 2853 κλέπτουσιν,
739 2795 767 2844 οἱ
817 2795 869 2844 vel
885 2797 958 2856 tum,
977 2798 1005 2844 si
1020 2796 1112 2845 dictu
1125 2796 1169 2845 sit
1184 2794 1299 2860 paullo

282 2865 313 2916 δὲ
336 2863 551 2929 τοιχωρυχοῦσιν,
575 2863 602 2913 οἱ
619 2863 649 2913 δὲ
665 2860 764 2927 ἀνδρα·
816 2861 1032 2925 inurbanius,
1047 2863 1299 2928 quoindioaturrem

282 2932 444 2996 ποδίζονται.
466 2933 573 2982 Memor.
585 2932 606 2994 Ι,
616 2930 641 2994 2,
653 2929 703 2994 62,
719 2932 766 2981 ubi
817 2946 874 2981 esse
904 2932 1028 2982 incertam
1057 2939 1103 2981 aut
1127 2947 1180 2981 non
1203 2947 1299 2981 veram.

280 3001 372 3052 eadem
390 3001 498 3050 crimina
514 3001 688 3050 recensentur.
817 3001 907 3063 Itaque
938 2999 989 3049 hoo
1016 2999 1074 3050 loco
1105 3002 1223 3050 Socrates
1249 3001 1300 3049 hoo

318 3065 385 3118 ἄνω
410 3067 482 3118 ἐκεῖ
504 3067 538 3117 όν
561 3074 629 3120 τοῖς
648 3068 764 3129 ἕμπρο-
817 3083 893 3118 suum
916 3066 948 3116 de
968 3067 1142 3132 disputatione
1160 3067 1243 3118 adhuc
1260 3070 1300 3117 in·

284 3138 369 3187 σδεν
387 3134 423 3201 λ]
441 3136 529 3186 Nimia
545 3135 610 3185 haec
627 3135 655 3184 in
672 3151 700 3184 re
718 3133 765 3183 vili
817 3137 907 3186 stituta
914 3134 1039 3186 iudicium
1047 3152 1100 3185 non
1110 3152 1166 3186 esse
1175 3152 1299 3200 arrogans

282 3205 404 3255 dictionis
438 3203 551 3253 ubertas.
607 3203 765 3252 Ficinus:
817 3208 863 3253 aut
879 3202 1035 3253 inurbanum
1055 3203 1192 3268 siguificat
1227 3204 1300 3254 Dicit

282 3275 362 3323 haee
379 3272 535 3336 superius
550 3287 566 3320 a
580 3269 677 3320 nobis
695 3285 766 3320 eon·
818 3272 886 3322 enim
904 3271 967 3320 hoc:
986 3270 1081 3332 haec,
1099 3287 1183 3336 quae
1200 3275 1299 3321 antea

282 3354 388 3390 cessa.
423 3339 487 3388 Inde
510 3354 563 3388 nou
583 3337 765 3389 maleFind·
817 3337 993 3404 disputata
1035 3344 1115 3388 sunt
1150 3338 1299 3403 (etiamsi

281 3411 382 3458 eisen.
405 3407 519 3457 extudit:
544 3402 766 3469 ‹fruticosis›
817 3407 914 3456 dictu
965 3407 1010 3455 sit
1055 3405 1298 3468 immodestius,

278 3482 354 3539 τοῖς
374 3475 464 3537 έμπρ.
484 3477 504 3524 λ.
539 3474 624 3524 simili
646 3474 767 3532 ubertate
818 3473 902 3540 quod
941 3479 1054 3524 tamen
1088 3489 1153 3522 uon
1195 3475 1298 3537 puto),

281 3538 766 3609 suprap.46‘l.B:dpu-1odrcv
818 3543 934 3591 vincta
979 3547 1056 3591 sunt
1104 3541 1299 3592 rationibus

283 3609 417 3675 πρόσθεν.
455 3611 710 3729 Respiciturautem
734 3608 766 3659 ad
818 3609 940 3659 ferreis
984 3616 1019 3659 et
1057 3609 1298 3659 adamantinis.

281 3696 322 3742 ea,
346 3694 414 3743 quae
432 3694 488 3743 cap.
525 3677 546 3731 l.
565 3683 591 3728 et
607 3675 648 3730 43.
667 3694 683 3728 a
699 3678 764 3728 Polo
816 3678 897 3727 Secus
920 3683 960 3727 est
983 3694 1007 3741 p.
1025 3674 1083 3728 486.
1102 3677 1144 3740 0.,
1170 3676 1216 3726 ubi
1240 3677 1299 3726 Gal-

281 3755 308 3799 σι
326 3747 436 3796 Callicle
452 3752 514 3801 sunt
531 3761 663 3797 concessa.
816 3745 890 3795 licles
900 3745 990 3795 iudicii
1002 3745 1043 3794 sui
1060 3746 1224 3796 acerbitatem
1243 3745 1299 3809 ipse

316 3817 347 3864 P.
365 3812 427 3866 509.
467 3814 521 3864 καὶ
550 3813 584 3863 εἰ
609 3809 763 3879 ἀγροικό-
816 3809 1298 3877 confitetur.Itaqueai'uuaidypot·

282 3878 386 3946 τερόν
408 3879 449 3947 τι]
476 3882 560 3947 Artigi
576 3882 714 3931 formulam
731 3881 765 3931 ad
816 3879 928 3946 κότερον
938 3881 1065 3948 εἰρῆσθαι
1076 3883 1112 3931 ibi
1130 3881 1215 3931 valet:
1234 3882 1298 3931 etsi

280 3947 420 4015 p.462.u.
446 3947 764 4014 Inversoordinep.486.
816 3951 911 4002 dictu
943 3950 1059 4015 paullo
1091 3950 1298 3999 inurbanius

282 4020 319 4069 C:
344 4018 373 4067 εἴ
388 4036 409 4065 τι
426 4019 468 4067 καὶ
487 4014 675 4083 ἀγροικότερον
691 4016 764 4083 εἰρῆ·
816 4024 879 4080 est,
897 4019 999 4067 sicuti
1016 4024 1074 4067 est.

283 4087 357 4145 σθαι,
374 4085 443 4135 unde
461 4086 519 4150 quis
534 4085 642 4150 colligat
658 4084 765 4148 perinde
852 4084 1007 4148 σιδηροῖς
1035 4086 1088 4146 καὶ
1119 4081 1297 4144 ἀδαμαντί-

282 4169 349 4215 esse,
368 4160 454 4202 utrum
472 4152 499 4202 el
514 4155 560 4202 καί
574 4169 608 4202 an
626 4152 666 4202 καὶ
685 4152 712 4202 al
729 4153 765 4202 di·
819 4170 890 4204 νοις
919 4149 1043 4218 λόγοις]
1076 4153 1191 4217 Elegans
1219 4155 1298 4200 meta—

281 4227 365 4283 catur‚
384 4237 461 4285 quam
480 4221 633 4270 seutentiam
651 4220 766 4284 amplexi
816 4221 905 4285 phora.
917 4216 1158 4279 Ἀδσμάντινονκαλ
1169 4219 1300 4284 σιδηροῦν

281 4295 345 4339 sunt
378 4288 599 4339 Heindoriius
631 4288 663 4338 ad
693 4289 719 4337 h.
747 4289 764 4338 l.
817 4288 910 4337 dicitur
924 4287 1051 4352 quidquid
1068 4293 1107 4337 est
1123 4287 1299 4337 firmissimum

280 4354 457 4406 Matthiae.
481 4357 525 4407 Gr.
548 4355 665 4421 amplior.
683 4357 716 4405 Τ.
731 4357 764 4406 11.
817 4362 843 4406 et
853 4353 1043 4406 indissolubile.
1060 4372 1084 4404 v.
1100 4356 1247 4406 Perizon.
1266 4355 1299 4406 ad

280 4442 306 4491 p.
325 4421 393 4474 1252
410 4440 463 4492 seq.
480 4424 535 4475 alii.
565 4425 661 4476 Verum
679 4428 765 4474 tamen
817 4423 873 4476 Ael.
882 4424 957 4475 Varr.
965 4423 1033 4475 Hist.
1043 4424 1089 4486 VI,
1104 4423 1143 4474 12.
1154 4429 1180 4474 ct
1188 4424 1298 4489 interpp.
