3242 5259
519 596 700 657 GORGIAS.
721 597 754 656 P.
778 601 848 655 522.
872 600 941 655 523.
964 597 1008 656 ed.
1032 596 1073 656 st.
1239 600 1299 654 331

286 761 441 842 Κρόνου,
471 758 526 823 καὶ
554 759 603 822 άεὶ
622 757 675 823 καί
701 768 764 823 νῦν
793 754 838 822 ἔτι
858 754 944 823 ἔστιν
971 758 1007 823 ἐν
1027 764 1133 837 θεοῖς,
1163 762 1228 822 τῶν
1247 759 1301 822 άν-

284 860 432 942 opsiano
452 861 511 921 τὸν
531 857 590 939 μὲν
611 858 741 931 δικαίως
760 857 820 920 τὸν
840 858 914 938 βίον
933 858 1102 922 διελθόντα
1121 855 1176 921 καὶ
1195 857 1301 934 ὁσίως,

284 957 418 1022 ἐπειδάν
445 958 633 1039 τελευτήσῃ,
663 947 695 1030 εἷς
722 956 878 1037 μακάρων
903 957 1024 1037 νήσους
1044 955 1181 1018 ἀπιόντα
1202 956 1303 1019 οίκεῖν
1324 963 1352 1027 Β

285 1054 321 1119 ἐν
348 1057 436 1136 πάσῃ
468 1054 656 1138 εὐδαιμονίᾳ
684 1051 773 1127 ἐκτὸς
802 1057 930 1128 κακῶν,
957 1051 1015 1114 τὸν
1043 1052 1077 1115 δὲ
1106 1052 1223 1127 άδίκως
1249 1054 1303 1117 καὶ

283 1151 393 1227 osias
423 1152 467 1225 είς
488 1150 524 1213 τδ
544 1160 601 1233 τής
627 1152 737 1226 τίσεως
764 1173 796 1214 τε
825 1152 880 1215 καὶ
907 1150 996 1231 δίκης
1021 1150 1254 1232 δεσμωτήριον,
1283 1147 1301 1214 ὃ

282 1252 325 1334 δὴ
355 1251 516 1330 τάρταρον
543 1253 715 1325 καλοῦσιν,
748 1247 837 1313 ίέναι.
866 1249 991 1312 τούτων
1019 1249 1053 1311 δὲ
1080 1249 1224 1312 δικασταὶ
1250 1247 1301 1312 ἐπὶ

282 1350 420 1430 Κρόνου
440 1346 495 1411 καὶ
516 1342 561 1409 ἔτι
581 1345 694 1411 νεωστι
713 1357 773 1411 τοῦ
787 1345 915 1422 Διὸς
883 1369 943 1429 τήν
964 1342 1098 1428 άρχήν’
1081 1368 1209 1428 εχοντος
1224 1350 1300 1424 ζῶν

280 1469 332 1520 τες
353 1439 438 1527 ήσαν
460 1443 654 1522 ζώντων,’
642 1446 746 1527 εκείνή
773 1457 813 1529 τή
833 1444 935 1529 ήμέρᾳ
963 1436 1206 1522 δικάζοντες,
1187 1442 1300 1526 ήμὲλ-

281 1550 370 1608 λοιεν
392 1546 551 1606 τελευτάν
573 1547 678 1617 κακῶς
699 1538 760 1607 οὖν
781 1543 815 1607 αί
834 1542 952 1608 δίκαι
940 1543 1115 1623 εκρίνοντο.
1147 1542 1219 1606 ὅτε
1240 1547 1301 1607 οὐν

283 1643 445 1705 Πλούτων
476 1663 529 1704 και
558 1640 591 1703 oi
617 1638 799 1724 ἐπιμεληταὶ
827 1639 862 1705 ἐκ
888 1643 1044 1723 μακάρων
1069 1643 1178 1722 νήσων
1199 1642 1301 1715 ἰόντες

281 1736 394 1820 ἔλεγον
415 1740 496 1818 πρὸς
517 1738 574 1802 τδν
595 1740 678 1811 Δία,
708 1733 754 1802 ὅτι
777 1738 916 1820 φοιτῷέν
944 1755 1022 1820 σφιν
1041 1743 1213 1820 άνδρωποι
1234 1737 1302 1803 ἕκα·
1325 1744 1352 1812 O

279 1834 399 1918 τέρωσε
418 1836 551 1914 άνάξιοι.
573 1830 662 1901 εἶπεν
677 1831 772 1901 οὖνό
792 1838 886 1916 Ζεύς,
902 1834 990 1901 Ἀλλ’
1007 1835 1079 1919 ἐγώ,
1096 1834 1170 1920 ἔφη,
1187 1840 1301 1902 παύσω

278 1941 379 1999 τοῦτο
400 1936 603 2017 γιγνόμενον.
632 1945 696 2000 νῦν
725 1934 784 2018 μὲν
809 1934 872 2017 γὰρ
900 1938 1007 2011 κακῶς
1036 1935 1071 2000 αἱ
1096 1935 1182 2000 δίκαι
1215 1938 1300 2002 δικά-

280 2037 400 2111 ζονται.
422 2034 635 2116 ἀμπεχόμενοι
655 2034 732 2116 γάρ,
756 2033 835 2115 ἔφη,
864 2033 897 2097 οἱ
914 2036 1099 2116 κρινόμενοι
1118 2034 1298 2116 κρίνονται·

279 2135 396 2209 ζῶντες
417 2130 480 2212 γὰρ
502 2131 675 2210 κρίνονται.
704 2130 818 2194 πολλοὶ
838 2125 917 2207 οὖν,
944 2126 965 2214 ή
986 2129 1014 2197 δ’
1037 2131 1089 2209 ὃς,
1119 2129 1224 2214 ψυχὰς
1244 2154 1299 2196 πο-

279 2229 383 2312 νήρδις
414 2225 538 2310 ἔχοντες
566 2229 776 2311 ήμφιεσμένοι
805 2227 865 2292 είσὶ
901 2229 1031 2310 σώματά
1067 2251 1100 2292 τε
1131 2228 1213 2293 καλδι
1247 2230 1300 2293 καί

281 2413 420 2464 Behkerus
446 2427 549 2494 qnoque
570 2413 724 2479 repudiavit
758 2413 831 2464 Infra
854 2429 879 2480 p
904 2411 963 2465 526
985 2413 1015 2464 C.
1037 2412 1112 2464 codd.
1134 2414 1188 2465 fere
1211 2430 1300 2466 omnes

280 2481 308 2534 ἐς
327 2480 455 2543 μακάρων
474 2477 579 2565 νήσους

332 2547 447 2613 ἐκείνη
467 2554 500 2613 τῇ
518 2545 620 2614 ήμὲρᾳ
638 2547 706 2613 δια]
727 2548 983 2615 τῆωιΡΙιιίιιιοίιοοί
991 2549 1065 2600 codd.
1076 2550 1180 2601 Venit*
1181 2550 1300 2602 Par.V.

282 2617 355 2668 Flor
376 2617 393 2665 f
412 2632 432 2666 s
450 2617 604 2668 restitutum.

334 2683 368 2734 οἱ
391 2681 592 2749 ἐπιμεληταί
610 2682 644 2734 ἐκ
667 2681 843 2751 μακάρων]
878 2685 1025 2734 Articulum
1044 2684 1071 2735 οί
1092 2686 1170 2737 iterat
1192 2691 1252 2736 anto
1270 2683 1299 2736 ἐκ

280 2748 410 2818 μακάρων
432 2751 604 2813 Plutarchus,
632 2752 701 2802 undo
724 2752 891 2802 Heindorfius
915 2753 1035 2815 restituit,
1062 2753 1131 2818 quod
1160 2754 1299 2806 consilium

279 2820 402 2887 probavit
419 2820 573 2871 Schaeferus
590 2819 623 2870 ad
641 2821 776 2872 Demosth.
793 2822 889 2887 Appur.
908 2823 938 2871 Τ
957 2822 1044 2888 1V.p.
1063 2820 1119 2876 119.

281 2990 383 3039 rationo
406 2988 513 3054 propius
536 2988 570 3038 ad
586 3005 675 3038 vorum
695 3004 767 3040 acco·
818 2989 934 3040 Plinium
957 2991 990 3042 N.
1008 2991 1042 3041 H.
1065 2992 1103 3055 Π,
1127 2989 1168 3045 92.
1186 2993 1236 3054 VI,
1257 2989 1299 3044 36.

282 3057 367 3106 dente
374 3056 581 3122 intelligendum,
592 3056 712 3123 utLegg.
720 3058 766 3108 IX.
818 3064 844 3108 ot
861 3057 894 3108 ad
910 3059 1003 3109 Horat.
1020 3060 1101 3124 Epod.
1119 3060 1194 3123 XVI,
1211 3059 1299 3112 41.-

279 3141 307 3190 p.
331 3122 389 3176 872.
412 3126 445 3175 D.
461 3124 592 3175 Phaedon
616 3141 640 3189 p.
664 3125 705 3177 64
728 3127 767 3188 Β,
819 3123 912 3179 ἕκτοι
931 3145 1050 3185 κανων
1074 3128 1232 3180 malorum
1251 3144 1300 3178 ox·

278 3192 328 3243 ubi
352 3208 378 3242 v,
401 3199 489 3242 annot
524 3193 659 3258 Significat
680 3199 766 3244 autom
816 3202 938 3260 portos.

280 3262 418 3323 Socrates,
442 3277 496 3311 nrsl
512 3260 604 3322 fallor
627 3277 689 3311 vora
706 3261 766 3311 sub
851 3264 903 3312 καί
939 3263 983 3312 ἔτι
1014 3263 1133 3313 νεωστί
1166 3268 1225 3312 τοῦ
1253 3262 1298 3330 Ah]

278 3345 338 3378 esso
356 3329 418 3378 hmo
434 3329 584 3391 narratrom
605 3328 766 3393 quandoqui-
816 3336 848 3379 st
870 3345 974 3393 nuper
1001 3330 1114 3392 stiam,
1142 3330 1256 3381 Iove'
1248 3348 1299 3380 rm·

279 3396 364 3446 dom
357 3397 408 3460 rpsi
432 3398 537 3448 omnino
560 3397 664 3462 quidem
687 3398 765 3463 plano
818 3399 946 3462 perium
964 3403 1104 3447 tenente.

278 3480 435 3530 persuasum
472 3466 522 3514 fuit
565 3472 624 3531 post
656 3471 765 3516 mortem
850 3466 884 3515 oi
906 3463 1106 3546 ἐπιμεληταί
1138 3462 1172 3514 ἐκ
1202 3482 1227 3524 μ.
1258 3465 1299 3532 ν.]

278 3533 357 3582 malis
379 3533 460 3594 male,
489 3533 564 3583 bonis
589 3542 675 3584 autem
698 3533 765 3584 bene
816 3535 875 3584 Non
887 3549 952 3614 opus
970 3534 1106 3583 1tsratrone
1116 3533 1221 3584 articuli
1237 3539 1297 3585 anto

278 3602 397 3650 futurum
415 3617 480 3650 osse
817 3598 990 3665 ίκμακάροιν,
1005 3603 1116 3682 iungas·
1126 3601 1216 3667 ἔλεγον
1230 3599 1297 3663 πρὸς

309 3665 608 3735 ομηροιλεγει-]
622 3669 696 3720 Πιαδ
706 3670 764 3720 XV
817 3667 863 3718 τόν
898 3670 954 3719 Δία
989 3667 1074 3722 ι’όντει
1110 3669 1138 3719 ἐκ
1172 3666 1298 3750 μακάρων

278 3733 374 3787 87
392 3752 462 3800 seqq
815 3735 952 3803 νήσσα-
962 3737 1184 3802 interspersis,
1177 3738 1298 3788 inhos-

312 3799 364 3852 άεί
403 3803 455 3853 καί
492 3808 553 3853 νῦν
588 3804 632 3854 ἔτι
661 3803 763 3871 ἔστιν]
816 3812 922 3856 torum
960 3806 1093 3856 insulas
1125 3813 1156 3856 et
1185 3807 1298 3856 Tarta·

278 3887 367 3922 nuno
408 3871 514 3922 sdhuo
554 3877 588 3921 ut
616 3887 763 3957 sempor
816 3890 892 3923 rum.

277 3939 388 3990 Phaodr
411 3956 435 4004 p.
459 3938 518 3992 254.
541 3939 581 3989 Α.
607 3936 653 3989 όεί
672 3957 698 3989 τε
721 3940 763 3990 καί
851 3942 879 3995 C.
914 3938 1206 4004 άμπεχόμενοι-
1229 3943 1297 4005 spl-

279 4005 765 4066 161a‚nnnoutolim..vSohso·
819 4008 947 4075 νονται]
981 4010 1054 4059 Ηιιοο
1080 4010 1226 4059 imitatione
1254 4026 1297 4060 ox-

278 4077 335 4126 lsr.
354 4075 388 4126 ad
406 4076 527 4159 Sophocl.
536 4076 661 4140 Antigon.
670 4093 695 4124 v.
706 4075 764 4127 181.
816 4077 910 4141 pressit
937 4076 1142 4126 Plutarchus
1165 4079 1206 4127 Do
1235 4078 1298 4128 Sors

313 4145 342 4193 B.
374 4142 408 4196 ἐς
436 4139 593 4207 μακάρων
623 4141 763 4211 νήσους]
816 4142 1297 4211 Num.Vind.p.110.,ub1vat·

278 4212 318 4262 Do
332 4211 374 4261 his
386 4212 458 4262 locos
470 4217 588 4262 votorum
602 4212 765 4277 collegerunt
816 4212 969 4264 tenbaeh
1005 4211 1081 4273 Quod
1098 4217 1235 4274 κρίνονται
1251 4214 1298 4263 its·

281 4279 437 4330 Gatahsr.
457 4279 491 4328 sd
509 4280 632 4331 Antonin.
651 4277 721 4341 x‚8.
738 4297 763 4345 p.
816 4286 901 4341 ratur,
923 4285 963 4330 ost
985 4280 1050 4330 haec
1071 4286 1145 4344 grata
1168 4280 1297 4345 quaedam

278 4345 336 4398 295.
363 4347 488 4398 ΟσΙΙει.
512 4348 658 4413 Gsograph.
684 4349 764 4412 antiq.
816 4349 942 4398 sermonis
959 4348 1103 4411 quotidiani
1121 4349 1240 4399 imitatio.

279 4415 325 4468 lV.
347 4431 373 4483 p.
392 4413 451 4469 141.
476 4414 577 4470 et165.
598 4417 709 4481 interpp.
731 4416 764 4467 αδ
850 4412 1298 4486 ήμφιεομένοι-ι-πλοόιουι]
