3242 5259
514 601 697 663 GORGIAS.
718 605 752 665 P.
776 608 846 662 503.
869 608 938 663 504.
961 605 1006 664 ecl
1028 605 1071 664 st.
1235 610 1296 664 269

282 762 311 829 δ’
330 766 353 848 ἡ
374 767 476 848 ψυχῆς
497 765 626 843 ἀταξίας
646 771 790 850 τυχοῦσα
810 763 897 831 ἔσται
915 769 1059 851 [χρηστή.
1088 767 1109 850 ἢ
1129 767 1246 845 τάξεώς
1265 789 1298 832 τε

281 863 335 928 καὶ
357 865 482 946 κόσμου
503 865 606 940 τινός;
643 867 747 928 ΚΑΛ.
774 859 912 948 Ἀνάγκη
940 865 1059 930 ἐκτῶν
1081 866 1225 947 πρόσθεν
1245 865 1299 930 καὶ

281 973 379 1026 τοῦτο
401 966 644 1044 συνομολογεῖν.
685 965 760 1025 Eli.
797 964 836 1026 Ti
864 957 926 1026 οὖν
946 965 1051 1046 ὄνομα
1076 963 1161 1027 ἐστιν
1190 963 1225 1028 ἐν
1253 967 1298 1050 τῷ

282 1061 406 1142 σώματι
434 1064 478 1146 τῷ
508 1058 542 1124 ἐκ
577 1069 634 1142 τῆς
660 1060 775 1137 τάξεώς
800 1082 833 1123 τε
860 1062 914 1124 καὶ
942 1072 1002 1124 τοῦ
1035 1062 1161 1144 κόσμου
1191 1084 1298 1143 γιγνο-

275 1155 387 1273 μένῳς
439 1128 544 1221 ΚΑΛ.
574 1151 720 1239 Ὑγίειαν
747 1181 801 1222 και
836 1153 963 1241 ἰσχὺν’
956 1159 1031 1233 ι’σως
1064 1158 1172 1276 λε’γεις
1224 1163 1299 1223 m.

275 1251 419 1338 ''.Eyorye
447 1253 532 1319 τίδὲ
560 1249 666 1338 αυτῷ
694 1254 729 1319 ἐν
756 1267 795 1338 τῇ
825 1267 913 1340 ψυχῇ
942 1254 1159 1377 ἐγγιγνομένῳ
1188 1255 1223 1320 ἐκ
1243 1258 1351 1340 τῆςΟ

283 1355 402 1431 τάξεως
421 1376 475 1416 και
495 1364 554 1417 τοῦ
574 1356 716 1437 κόσμους
748 1359 848 1436 πειρῶ
869 1356 974 1437 ευρεῖν
1002 1355 1056 1419 καὶ
1077 1351 1223 1419 εἰπεῑν“
1198 1378 1300 1472 ogoap

284 1450 391 1515 ἐκεῖνο
419 1452 456 1515 τὸ
478 1455 598 1534 ὄνομα.
642 1455 747 1516 ΚΑΛ.
784 1454 822 1516 Τι’
847 1451 881 1516 δὲ
912 1455 973 1516 οὐκ
1001 1452 1098 1528 αὐτὸς
1124 1447 1296 1534 λέγεις,
1275 1477 1301 1517 ω

283 1549 477 1630 Σώκρατες,·
508 1554 582 1614 ΣΩ.
607 1545 685 1614 Ἀλλ’
708 1551 738 1614 sl
756 1565 807 1615 σοι
834 1550 928 1634 ἥδιόν
949 1549 1051 1629 ἐστιν,
1080 1549 1141 1633 ἐγὼ
1163 1550 1232 1633 ἐρῶ.
1260 1553 1301 1615 σὺ

285 1647 330 1725 δέ,
354 1648 396 1711 ἂν
416 1647 475 1731 μέν
496 1662 547 1712 σοι
568 1649 654 1713 δοκῶ
675 1648 737 1731 ἐγὼ
758 1653 863 1724 καλῶς
882 1646 993 1731 λέγειν,
1016 1651 1117 1730 φάθι·
1147 1651 1174 1712 εἰ
1194 1650 1228 1714 δὲ
1247 1652 1299 1733 μή,

287 1747 393 1828 ἔλεγχε
413 1745 466 1808 καὶ
487 1745 531 1829 μὴ
553 1744 708 1829 ἐπίτρεπε.
738 1744 843 1829 ἔμοιγε
870 1747 961 1810 δοκεῖ
985 1753 1054 1823 ταῖς
1074 1746 1134 1830 μὲν
1162 1759 1222 1813 τοῦ
1243 1750 1301 1811 σώ-

283 1867 385 1927 ματος
403 1844 528 1922 τάξεσιν
557 1847 661 1927 ὄνομα
680 1840 763 1910 εἶναι
782 1846 942 1927 ὑγιεινόν,
974 1844 1006 1924 ἐξ
1034 1836 1074 1910 οὗ
1102 1845 1138 1909 ἐν
1166 1848 1252 1928 αὐτῷ
1279 1847 1302 1929 ἦ

284 1943 391 2022 ὑγίεια
418 1943 560 2024 γίγνεται
588 1943 641 2006 καὶ
675 1943 698 2026 ἡ
725 1947 804 2025 ἄλλη
834 1941 929 2026 ἀρετὴ
957 1953 1016 2006 τοῦ
1045 1944 1199 2025 σώματος.
1236 1941 1301 2007 ἔστι

284 2051 387 2104 ταῦτα
413 2040 434 2123 ἢ
465 2042 525 2105 οὐκ
553 2037 655 2118 ἔστινς
686 2044 790 2104 ΚΑΛ.
813 2035 919 2105 Ἔστι.
961 2044 1038 2104 ΣΒ.
1075 2044 1153 2116 Ταῖς
1183 2040 1217 2106 δὲ
1245 2051 1302 2124 τῆς
1323 2057 1355 2121 D

284 2362 399 2423 exhibet,
416 2359 443 2410 id
460 2360 609 2478 posterioris
622 2361 714 2411 aetatis
727 2361 953 2426 grammaticorum
964 2362 1114 2413 haeresibus
1126 2360 1303 2413 tribuendum.

284 2431 350 2480 Mox
367 2430 447 2479 verba
479 2428 531 2509 Υγί
529 2446 585 2478 ιιαν
602 2429 645 2478 καὶ
664 2427 741 2494 ἰσχὺν
758 2430 824 2482 ἴσως
842 2429 930 2513 λίγεια,
957 2447 1023 2496 quae
1041 2431 1120 2497 vulgo
1138 2429 1171 2480 ad
1190 2431 1302 2482 Socratis

283 2499 425 2548 trahuntur
441 2497 592 2559 orationem,
610 2497 646 2548 ita
663 2504 693 2546 ut
709 2499 855 2562 proximum
873 2497 900 2548 E
899 2515 969 2564 ωγε
979 2499 1106 2550 tribuatur
1119 2499 1231 2562 Callicli,
1249 2516 1302 2548 non

285 2566 405 2616 dubitavi
429 2581 489 2615 cum
511 2534 662 2616 Heintlorfio
687 2565 790 2616 Callicli
815 2517 974 2629 adscriliere,
1001 2583 1077 2632 quam
1100 2568 1227 2617 rationem
1249 2568 1302 2616 iam

284 2635 395 2684 Ficinus
419 2638 543 2698 sequutus
568 2640 607 2684 est
633 2640 659 2684 et
681 2635 763 2684 suasit
788 2635 868 2684 etiam
893 2633 1041 2686 Comarius
1076 2635 1119 2685 Sic
1141 2636 1219 2686 etiarn
1242 2635 1301 2686 Vat.

285 2703 353 2752 Ven.
374 2701 404 2751 Σ.
423 2700 499 2752 Vind.
517 2699 543 2752 2.
559 2703 618 2751 Par.
636 2701 774 2753 BOEIV.
791 2702 845 2752 alii

338 2837 367 2888 G.
391 2835 497 2901 ὥσπερ
523 2835 636 2887 ἐκεῖνο
663 2833 695 2887 τὸ
718 2832 833 2904 ὄνομα]
863 2835 1019 2888 Emendavit
1041 2838 1176 2890 Heindorf.
1200 2837 1303 2906 ἐκείνῳ.

338 2974 451 3038 ἔμοιγε
475 2971 580 3039 δοκει]
605 2972 692 3023 Clark.
718 2973 803 3039 ἔμοιγε
826 2969 876 3039 γὰρ
897 2973 976 3024 lones
1001 2976 1061 3025 Bas.
1079 2973 1103 3025 2.
1121 2973 1179 3036 ἐμοὶ
1198 2974 1301 3058 pcipi„

284 3047 315 3092 ut
332 3043 409 3106 Turr.
425 3041 514 3092 Herm.
548 3042 579 3092 ln
595 3042 720 3106 proximis
736 3041 832 3092 Heind.
849 3044 916 3093 coni
933 3037 1017 3104 ὄνομα
1034 3037 1105 3093 εἶναι
1122 3041 1149 3093 ui
1167 3040 1302 3110 ὑγιεινῶς

285 3126 339 3161 non
358 3125 430 3176 opus.

286 3396 488 3459 bricatores‚
511 3402 640 3446 ceteros
658 3412 768 3447 omnes
819 3413 896 3446 usum
924 3397 1026 3447 Latinis
1053 3413 1215 3448 communem
1245 3413 1302 3449 esse

285 3467 446 3531 opifices,
477 3465 637 3530 quomodo
659 3466 768 3514 omnia
820 3465 1010 3516 satisconstat.

286 3534 405 3584 ordine
423 3533 604 3598 disponant
621 3539 669 3585 etc.
692 3532 768 3595 Quod

284 3602 363 3652 vides
388 3601 486 3651 dictum
509 3616 566 3651 esse
593 3601 689 3651 omissa
711 3617 771 3665 apo·
856 3601 885 3650 P.
903 3597 961 3651 504.
980 3601 1009 3649 Β.
1033 3601 1085 3650 καὶ
1109 3605 1204 3650 τοῦτο
1228 3616 1301 3650 σνν-

286 3671 357 3730 dosi‚
374 3686 451 3756 ''qnae
469 3674 556 3720 tamen
579 3668 671 3719 latet
663 3685 691 3717 ιιι
715 3669 769 3718 his:
822 3667 1018 3733 ομολογεῖν]
1064 3670 1208 3733 Responsio
1246 3674 1303 3719 tan·

286 3756 323 3790 ως
352 3737 393 3790 ele
421 3733 494 3799 τάξιν
523 3755 545 3786 κ.
570 3755 590 3785 τ.
612 3737 632 3786 i.
667 3737 770 3787 Etenim
822 3735 953 3784 tummodo
979 3736 1012 3787 ad
1029 3737 1171 3786 secundam
1194 3737 1304 3787 refertur

286 3805 339 3855 dici
356 3810 455 3869 poterat
472 3806 522 3854 sic:
547 3804 657 3854 veluti
675 3805 703 3854 si
720 3806 770 3854 vis
821 3804 1031 3867 interrogationis
1058 3811 1169 3870 partem,
1208 3804 1246 3854 ita
1273 3812 1303 3854 ut

287 3873 547 3923 considerare-
515 3872 709 3937 -opificcs‚
727 3873 770 3922 fa·
822 3873 979 3954 cogitatrone
1000 3873 1060 3923 addi
1084 3874 1175 3924 liceat
1198 3889 1237 3922 ou
1261 3890 1309 3921 ια-

287 3941 353 3992 cilo
393 3941 657 4002 animadvertes,
696 3955 772 4004 quo·
822 3937 886 4003 §eois
905 3942 990 3990 τεκαὶ
1009 3957 1108 4000 κουμου
1126 3958 1196 3993 τινος
1214 3945 1302 4004 τνχου

285 4008 379 4059 modo
397 4009 507 4058 omnia
532 4008 646 4058 ordine
664 4006 770 4072 dispo·
823 4023 855 4057 σα
873 4008 943 4057 ἔσται
959 4006 1064 4075 χρηστή.

286 4082 378 4128 nant.
418 4077 457 4125 De
481 4076 606 4140 asyndeto
633 4074 770 4125 verborum

287 4140 460 4196 cornilione
481 4140 770 4209 πάνταςὸημιουργουο
856 4141 924 4192 Ο.”
903 4160 1013 4206 oroneo
1038 4141 1152 4192 έκεῖνο
1177 4139 1209 4192 τὸ
1228 4140 1301 4193 ὅνο-

285 4212 367 4263 rnad
391 4212 509 4276 Sympos.
538 4228 562 4276 p.
586 4209 642 4262 186
665 4212 697 4260 D.
730 4213 769 4261 De
821 4209 908 4275 poll.
926 4226 948 4259 c.
965 4207 1052 4293 cienep
1070 4201 1148 4275 εὗρες
1166 4212 1207 4260 καὶ
1226 4229 1301 4264 eraso

286 4283 350 4345 Rop.
368 4281 453 4344 le
456 4277 538 4330 ..434
562 4280 594 4328 A.
612 4280 684 4344 X.p
686 4277 768 4332 ..598
821 4280 863 4326 nal
881 4275 1011 4326 ἐκεῖνο
986 4296 1013 4327 ιο
1031 4275 1120 4337 ὄνομα.
1154 4279 1213 4329 Νοιι
1236 4295 1301 4345 opus

286 4351 316 4399 B.
324 4297 478 4412 ptTheaepp
480 4345 561 4397 ,171
579 4348 608 4397 Β.
626 4346 684 4397 coll.
702 4348 769 4397 infra
820 4351 860 4395 est
876 4344 983 4411 ἐκείνῳ
1007 4345 1076 4410 quod
1097 4346 1128 4394 de
1152 4348 1302 4399 coniectura

286 4434 311 4482 p.
336 4413 395 4469 517.
426 4363 478 4465 l).p
500 4413 619 4466 Eundem
645 4414 770 4480 loquendi
820 4383 1016 4464 Heindorlii
1034 4413 1177 4465 ediderunt.
