3242 5259
332 604 389 657 lat
745 599 940 657 PLATON'IS

328 764 462 843 μάλιστα
482 762 669 839 φυλάττειν,
700 760 786 834 ὅπως
807 758 851 842 μή
872 762 1014 844 ἀδικήσῃ,
1045 764 1088 836 ὡς
1108 763 1224 828 ἱκανδν
1245 766 1342 828 κακὸν

328 858 448 935 ἕξοντα.
479 859 519 922 οὐ
546 859 625 938 νάος
666 861 775 920 ΠΩΛ,
807 859 904 920 Πάυυ
931 881 976 938 γε.
1020 863 1095 923 Est.
1130 858 1215 924 Ἐδιν
1247 862 1281 925 δέ
1308 885 1342 943 γε

328 956 462 1037 ἀδικήσῃ
496 956 516 1036 ἢ
547 957 643 1029 αὐτὸς
671 955 691 1036 ἢ
721 958 816 1028 ἀλλος
841 977 889 1029 τις
918 944 965 1018 ὧν
992 956 1033 1019 δν
1062 958 1211 1040 κήδηται,
1243 961 1341 1023 αὐτὸν

328 1050 442 1117 ἑκόντα
463 1052 544 1116 ἰέναι
566 1051 675 1127 ἐκεῖσε,
697 1052 781 1118 ὅπου
802 1054 845 1127 ὡς
865 1054 995 1135 ratpero
1014 1054 1107 1117 δώσει
1126 1056 1231 1138 δι’κῃν,
1257 1059 1340 1136 παρὰ

327 1153 385 1214 τὸν
404 1150 565 1233 δικαστήν,
589 1147 691 1232 ὥςπερ
712 1151 798 1231 παρὰ
821 1151 879 1214 τὸν
900 1151 1021 1229 ἰατρόν,
1043 1154 1235 1224 σπεύδοντα.
1258 1153 1341 1227 ὅπως

277 1247 304 1309 Β
328 1248 371 1330 μή
408 1246 618 1330 ἐγχρονισθὲν
654 1253 690 1311 τὸ
717 1251 843 1331 νόσῃμα
872 1259 928 1330 τής
955 1249 1080 1323 ἀδικίας
1106 1249 1256 1314 ὕπουλον
1284 1250 1341 1333 τήν

328 1344 437 1429 ψυχήν
463 1349 582 1430 ποιήσῃ
609 1346 663 1410 καὶ
690 1347 840 1410 ἀνίατον·
869 1345 890 1427 ἢ
918 1349 987 1420 πῶς
1006 1344 1159 1428 λέγομεν,
1190 1339 1340 1425 &licita

328 1445 415 1525 εἴπεο
429 1444 467 1507 td
483 1445 642 1525 πρότερον
661 1441 749 1524 μένει
769 1444 848 1526 ήμῖν
868 1441 1112 1526 δμολονήμοιτσ-;
1134 1446 1196 1508 οὐκ
1219 1447 1339 1527 ἀνάγκῃ

326 1552 427 1605 ταῦτα
464 1540 596 1614 ἐκείνοις
632 1540 716 1604 οὕτω
753 1539 812 1621 μὲν
848 1546 1055 1623 συμφωνεῖν,
1088 1545 1192 1616 ἄλλως
1218 1541 1253 1608 δὲ
1281 1547 1339 1625 pri,-

329 1641 439 1702 flatu.
475 1640 514 1701 Τί
533 1640 594 1720 γὰρ
615 1636 654 1721 δή
676 1643 798 1720 φῶμεν,
822 1631 848 1702 ὦ
869 1640 1054 1720 Σώκοατες;
1084 1636 1156 1702 ΣΩ.
1181 1631 1262 1703 Ἐπὶ
1283 1639 1339 1722 μὲν

379 1841 409 1889 Ρ.
426 1837 485 1891 480.
516 1839 606 1893 ὅπως
629 1839 668 1905 μὴ
692 1835 850 1906 ἀδικήσῃ]
879 1836 997 1906 ἀδικήσει
1019 1838 1090 1890 seim
1113 1839 1192 1890 Vind.
1216 1837 1251 1902 Β,
1273 1841 1338 1907 quod

328 1908 427 1978 recepit
443 1908 554 1959 Bekker.
589 1907 698 1959 Videtur
719 1907 786 1959 illud
804 1907 837 1958 ob
856 1923 967 1972 sequens
985 1904 1021 1959 cic
1038 1903 1131 1958 ἰκανὸν
1148 1904 1233 1961 κακὸν
1249 1909 1338 1974 ἕξοντα

328 1991 385 2026 esse
396 1974 537 2037 invectum,
555 1975 623 2039 quod
638 1981 723 2026 tamon
742 1975 869 2026 eiusmodi
886 1983 932 2038 est,
951 1980 981 2025 ut
998 1975 1076 2025 etiam
1093 1976 1189 2026 aoristo
1208 1976 1283 2026 locus
1300 1977 1337 2027 sit

378 2045 407 2094 Β.
444 2040 499 2109 τὴν
517 2042 627 2108 ψυχήν
645 2039 781 2109 ποιήσῃ]
808 2044 872 2094 Ven.
894 2043 922 2093 Ξ.
941 2041 1051 2108 ποιήσει,
1067 2041 1195 2108 probante
1213 2044 1337 2095 Bekkero.

328 2111 363 2160 At
385 2111 480 2163 aoristo
503 2127 582 2177 opus,
605 2126 683 2175 quum
705 2111 842 2175 praecedat
864 2107 912 2160 ἐὰν
930 2109 960 2161 δὲ
977 2107 1102 2177 ἀδικήοῃι
1125 2111 1293 2175 quamobrem
1308 2112 1337 2162 de

326 2179 429 2245 singulo
454 2180 566 2244 quodam
583 2179 680 2228 iniusto
698 2179 813 2229 facinore
831 2177 874 2228 vel
891 2179 978 2243 potius
995 2178 1026 2228 de
1043 2178 1155 2244 singulis
1172 2179 1337 2243 facinoribus,

326 2263 392 2312 quae
408 2248 505 2298 iniuste
523 2248 725 2307 committantur,
748 2246 915 2312 cogitandum
931 2251 978 2296 eat.
995 2261 1021 2296 r.
1039 2245 1072 2296 ad
1089 2263 1114 2312 p.
1132 2245 1191 2299 510.
1210 2247 1242 2302 Δ.

376 2312 393 2381 ἢ
411 2320 476 2368 πῶς
494 2313 649 2381 λέγομεν]
674 2313 763 2365 Clark.
780 2315 840 2365 Vat
857 2316 916 2364 Par.
933 2315 965 2364 V.
984 2313 1058 2366 Bodl.
1075 2314 1201 2380 λέγωμεν,
1218 2313 1337 2381 probante

361 2497 449 2553 ὅπως
484 2496 525 2568 μή
556 2495 716 2567 ἀδικήσῃ]
756 2499 808 2561 Qui
860 2496 945 2562 ὥσπερ
976 2498 1028 2548 fnit
1058 2499 1103 2564 qui
1134 2497 1171 2552 ὥς
1197 2500 1338 2563 conticeret,

327 2571 451 2619 aoriatum
477 2585 511 2620 ex
534 2575 671 2636 praecepto
697 2570 809 2618 Daue·
860 2568 916 2617 sine
935 2581 1037 2617 caussa

328 2633 809 2702 siimutaritina’dcmjoet,Heia·
893 2635 924 2684 B.
970 2631 1085 2700 ἢποδσ
1118 2632 1274 2700 λέγομεν,
1319 2625 1337 2685 ἀ

328 2703 473 2766 densius,
497 2705 521 2754 is
543 2711 634 2769 postea
655 2705 710 2767 ipse
733 2703 808 2752 iilum
861 2701 965 2761 Πῶλσ,
994 2701 1091 2765 εἴπερ
1119 2701 1169 2768 —-]
1200 2717 1242 2752 an
1272 2718 1337 2768 quo·

328 2769 443 2820 defendit
475 2770 508 2819 ad
538 2774 671 2835 Protagor.
703 2787 727 2834 p.
750 2768 808 2821 476.
860 2769 951 2819 modo
976 2783 1161 2832 censemus,
1184 2771 1283 2833 Polo,
1304 2771 1338 2821 si·

327 2838 382 2888 Nec
405 2835 512 2887 dubium
537 2844 588 2899 est,
618 2838 682 2900 quin
707 2838 809 2887 hocin
861 2836 989 2902 quidem
1021 2841 1094 2886 rata
1126 2843 1260 2887 manent
1293 2854 1338 2900 ea,

327 2921 421 2971 genere
454 2904 521 2953 nihil
556 2905 645 2954 invitis
676 2904 808 2955 codicibus
861 2906 898 2954 de
921 2905 1042 2968 quibus
1064 2909 1162 2954 antea
1181 2907 1338 2956 internos

327 2972 386 3022 loco
408 2971 564 3022 movendum
587 2973 633 3033 sit,
659 2973 808 3036 praesertim
861 2972 1042 3022 convenit?
1075 2972 1117 3020 De
1143 2972 1288 3024 indicativo
1315 2975 1338 3023 in

327 3054 408 3104 quum
419 3055 467 3089 nec
484 3041 511 3089 in
530 3040 580 3090 hac
597 3041 732 3089 verborum
750 3056 809 3090 con·
860 3039 910 3090 hac
921 3039 1123 3104 interrogatione
1136 3039 1254 3090 adhibito
1265 3057 1290 3091 v.
1304 3041 1338 3091 De

327 3108 468 3158 structione
500 3108 589 3158 aoristi
624 3114 700 3171 atquc
728 3108 809 3157 futuri
860 3107 970 3172 Republ.
994 3107 1029 3156 11.
1051 3123 1077 3172 p.
1093 3104 1153 3157 377.
1172 3109 1204 3157 Ε.
1236 3108 1294 3159 vn.
1317 3125 1338 3174 p.

327 3173 464 3225 discrimen
486 3179 581 3227 temere
604 3174 759 3241 negligatur.
783 3191 806 3225 v.
860 3173 918 3226 530.
942 3176 974 3224 D.
1005 3175 1037 3224 V.
1062 3190 1086 3240 p.
1108 3171 1168 3225 461.
1190 3176 1223 3226 E.
1248 3175 1340 3228 Phaed.

327 3242 499 3295 Matthiae.
513 3245 556 3295 Gr.
568 3244 646 3308 ampl.
660 3260 685 3308 p.
695 3241 746 3294 988
756 3259 807 3309 seq.
861 3258 885 3306 p.
908 3239 948 3293 ts.
972 3243 1002 3291 Β.
1033 3243 1112 3307 Legg.
1136 3243 1156 3291 1.
1180 3258 1206 3308 p.
1229 3241 1288 3295 649.
1311 3245 1339 3294 Α.

327 3311 366 3360 ed.
389 3326 440 3361 rec.
464 3318 489 3360 et
513 3313 544 3362 ad
565 3313 654 3377 Eurip.
672 3311 807 3361 Phoenice.
861 3309 959 3375 Cratyl.
979 3325 1005 3374 p.
1021 3307 1079 3360 425.
1098 3309 1128 3359 G.
1146 3308 1181 3359 al.
1217 3310 1340 3362 Videlicet

327 3394 351 3427 v.
377 3375 451 3429 1319.
486 3380 519 3429 Et
545 3381 595 3430 hoc
621 3379 725 3443 quidem
750 3378 807 3429 loco
862 3382 916 3429 πῶς
948 3375 1063 3444 λέγοιμεν
1094 3381 1134 3427 est
1165 3377 1338 3441 deliberantis,

326 3463 405 3512 quum
423 3446 454 3495 de
472 3446 568 3498 iniuste
586 3446 718 3507 faciendo,
742 3447 768 3495 h.
786 3461 807 3496 e.
860 3444 924 3509 qnid
941 3444 1079 3494 dicendum
1096 3445 1144 3507 ait,
1163 3450 1220 3498 acio
1237 3445 1340 3514 λέγομεν

326 3514 357 3564 de
386 3513 497 3581 singulis
526 3513 673 3566 actionibus
697 3514 808 3574 iniustis,
860 3519 947 3562 autem
970 3512 1133 3576 quaerentis,
1162 3513 1226 3576 quid
1244 3514 1340 3564 dicatur

325 3581 492 3647 cogitandum
517 3584 564 3644 sit,
590 3587 658 3632 recte
682 3581 810 3631 sehabet
861 3585 887 3630 et
904 3585 1039 3630 statuatur.
1056 3607 1091 3618 -
1113 3578 1196 3630 οὕτω
1219 3580 1289 3641 μέν,
1314 3581 1340 3630 si

327 3651 452 3712 aoristus,
474 3652 519 3714 qui
542 3649 683 3715 significat:
708 3664 748 3699 ne
764 3649 809 3697 in·
861 3647 1040 3698 statuimus
1054 3647 1196 3697 animum
1210 3649 1341 3700 iustitia

325 3717 535 3768 iustefaciat
552 3719 584 3766 in
601 3718 659 3767 hac
676 3718 729 3768 vel
746 3717 809 3766 illa
860 3713 1097 3780 corrigendum
1114 3730 1198 3765 esse.

325 3801 366 3834 re.
383 3783 556 3849 conf.p.510.
574 3786 606 3835 A.
638 3785 757 3835 Ceterum
776 3783 808 3832 ad
897 3784 938 3834 Τί
956 3780 1017 3866 prio
1042 3779 1080 3850 δή
1103 3781 1247 3850 poium]
1271 3784 1340 3835 Ea·

325 3849 436 3918 ἀδικήσῃ
464 3852 662 3918 intelligendum
688 3859 728 3902 est
749 3850 816 3901 sub·.
861 3847 1142 3916 τίῃάνσλλοφιήμυν,Ι
1158 3866 1185 3901 v.
1201 3850 1235 3901 ad
1247 3851 1340 3904 Criton.

325 3922 420 3970 iactum
438 3919 614 3982 indefinitum,
638 3920 711 3969 cuius
729 3920 809 3983 signi·
860 3936 884 3985 p.
903 3917 944 3970 50.
962 3918 992 3968 0.

325 3988 410 4038 ficatio
422 3989 571 4038 continetur
588 3987 674 4036 verbis
692 3987 808 4053 proxime
894 3985 926 4036 εἰ
942 3982 980 4052 μή
998 3985 1032 4034 εἴ
1046 4001 1091 4036 rte
1109 3980 1174 4051 rim]
1192 3986 1235 4036 De
1252 3984 1342 4036 hecel

325 4051 809 4120 praecedentibus—ciclauaudv
860 4050 950 4122 μήεί.
978 4053 1110 4112 nisisi,
1135 4068 1160 4102 v.
1183 4054 1340 4114 Mettut

244 4161 248 4169 .
327 4123 457 4186 ἕξοντα,
500 4139 594 4188 quum
628 4122 808 4173 habiturus
860 4120 918 4174 617.
936 4122 954 4170 f.
980 4122 1021 4171 De
1038 4119 1147 4185 Republ.
1172 4119 1219 4170 lx.
1242 4136 1267 4208 p
1284 4118 1341 4173 581.

327 4193 372 4240 ait
389 4196 440 4241 sat
456 4192 595 4242 multum
612 4191 708 4254 mali,
731 4192 753 4240 si
770 4192 809 4239 in·
862 4192 898 4240 D:
917 4183 1029 4241 οὐδενδσ
1039 4184 1118 4251 ἀξίαν
1128 4185 1210 4256 φήσει
1223 4204 1301 4248 errae
1317 4186 1342 4237 al

326 4259 392 4308 iuste
411 4265 478 4324 agat.
567 4322 574 4342 ἱ
618 4323 624 4341 ι
761 4322 767 4341 Ι
860 4254 894 4323 μὴ
918 4259 946 4307 εἴ
962 4274 997 4309 ue
1014 4253 1102 4308 αὐτῶν
1118 4253 1251 4323 ἀργύριον
1260 4261 1340 4342 ἱποιεῖ..

326 4323 576 4459 ...musta
590 4325 808 4461 ..tetur
861 4317 1340 4456 σισῒσισσ.·.ἀ.σ..ι
