3242 5259
412 586 449 640 16
766 581 1065 644 PROLEGOMENA
1106 619 1109 623 -

408 771 507 810 omnes
528 751 697 826 cognatione
725 753 850 830 quadam
871 753 949 811 inter
976 772 1007 811 se
1029 753 1229 826 eontinentur,
1249 755 1423 814 mirandum

407 844 547 908 nonest,
576 838 653 914 quod
679 837 767 911 vulgo
796 838 943 914 sophistae
972 843 1060 916 atque
1088 838 1218 898 rhetores
1247 841 1424 907 commisceri

407 940 502 999 neque
525 921 595 980 satis
616 921 770 996 diligenter
790 922 914 981 discerni
936 923 1045 982 solent:
1068 924 1118 1001 qui
1140 944 1219 982 error
1239 924 1311 1001 ipsis
1333 926 1423 984 etiam

407 1006 451 1077 iis,
474 1006 525 1084 qui
545 1006 708 1065 rhetoricen
730 1012 760 1065 et
781 1007 957 1084 sophisticen
977 1007 1165 1083 profitentur,
1187 1010 1346 1067 communis
1369 1016 1422 1069 est.

407 1090 520 1150 Videtis
540 1091 642 1164 igitur,
673 1111 730 1168 quo
750 1092 814 1149 iure
836 1092 959 1150 dixerim
979 1093 1142 1151 rhetoricen
1163 1113 1226 1152 esse
1248 1095 1423 1153 adulationis

406 1176 577 1251 particulam
599 1181 628 1234 et
650 1175 797 1236 civilitatis
811 1177 971 1252 particulae
984 1177 1177 1236 simulacrum.
1201 1181 1232 1237 P.
1249 1184 1320 1237 463.
1333 1180 1421 1237 1).-

407 1265 477 1318 466.
500 1263 536 1317 Α.
565 1259 646 1322 Quae
663 1261 780 1338 quidem
795 1261 892 1319 omnia
912 1281 996 1319 nemo
1010 1262 1066 1320 erit
1085 1263 1155 1340 quin
1169 1269 1307 1339 protenus
1321 1263 1420 1324 videat

406 1344 532 1402 maxime
555 1364 588 1402 eo
609 1346 764 1421 pertinere,
788 1353 822 1405 ut
849 1346 1013 1404 rhetoricen
1034 1347 1215 1421 intelligatur
1235 1368 1295 1405 non
1316 1348 1418 1406 immu-

406 1429 633 1488 nemmansisse
656 1451 673 1487 a
694 1431 868 1506 sophisticae
895 1431 1076 1504 contagione,
1107 1433 1158 1490 sed
1179 1432 1275 1508 potius
1298 1452 1364 1490 cum
1386 1454 1421 1491 ea

378 1578 380 1582 y
406 1515 528 1572 mixtam
554 1534 617 1572 essa
647 1521 677 1573 et
704 1515 867 1595 conflatam.
918 1515 1063 1573 Nimirum
1091 1517 1145 1574 hoe
1172 1516 1268 1592 ipsum
1302 1519 1418 1577 demum

406 1599 456 1662 ubi
477 1603 618 1668 tenemus,
641 1598 717 1657 clara
738 1607 767 1658 et
787 1600 940 1675 perspicua
959 1600 1036 1659 fiunt
1057 1620 1099 1672 ea,
1128 1620 1203 1679 quae
1224 1602 1255 1659 in
1278 1603 1419 1677 proximis

406 1682 442 1740 de
469 1683 531 1740 eius
552 1683 583 1741 vi
610 1689 640 1741 et
666 1688 810 1759 potestate
839 1685 932 1762 deque
961 1685 1075 1743 iustitia
1104 1692 1134 1744 et
1160 1686 1305 1745 iniustitia
1334 1688 1420 1746 aliter

406 1771 494 1844 atque
514 1768 603 1840 vulgo
623 1768 676 1825 fiat
695 1768 877 1826 informanda
897 1769 1087 1827 disseruntur.

471 1851 597 1927 Suscipit
618 1851 695 1910 enim
716 1872 793 1910 nune
820 1854 915 1911 denuo
937 1873 1097 1912 sermonem
1119 1855 1221 1926 Polus,
1251 1855 1302 1932 qui
1323 1861 1418 1912 treus-

404 1934 501 1994 missis
520 1936 565 2007 iis,
587 1955 660 2014 quae
675 1939 758 1994 modo
780 1938 913 2013 exposita
927 1946 1004 2009 sunt,
1018 1971 1061 1980 —
1076 1939 1114 1996 ad
1134 1959 1209 2017 quae
1230 1945 1329 1998 tamen
1342 1939 1419 1996 infra

406 2020 537 2078 Socrates
557 2020 725 2079 idemtidem
738 2022 904 2093 revertitur,
927 2023 1124 2081 adversarium
1145 2024 1188 2081 ita
1208 2025 1335 2082 refutare
1356 2033 1418 2083 stu-

406 2105 463 2176 det,
484 2111 518 2165 ut
539 2111 654 2174 moneat
675 2112 801 2165 oratores
817 2112 893 2165 certe
907 2108 1063 2182 plurimum
1084 2099 1116 2164 in
1129 2107 1297 2167 civitatibus
1311 2110 1417 2167 valere.

405 2188 470 2246 Hoc
491 2195 588 2248 autem
616 2189 726 2248 iudicat
752 2211 810 2248 non
838 2191 928 2249 fuisse
955 2192 1104 2261 futurum,
1133 2192 1158 2248 si
1186 2193 1328 2251 rhetorice
1356 2200 1418 2251 tam

405 2273 472 2332 vilis
493 2279 610 2351 tamque
631 2274 743 2333 abiecta
764 2280 854 2343 esset,
884 2294 972 2352 quam
992 2275 1035 2332 illi
1057 2274 1199 2334 videatur.
1244 2277 1300 2334 Sed
1329 2282 1418 2350 negat

405 2357 537 2417 Socrates
565 2378 629 2416 eam
656 2378 719 2416 esse
748 2359 907 2434 potentiam
942 2360 1156 2434 appellandam,
1193 2380 1268 2436 quae
1296 2362 1417 2419 habenti

405 2463 464 2506 non
485 2443 523 2502 sit
544 2443 640 2504 utilis:
661 2445 773 2501 nullam
794 2450 893 2502 autom
907 2442 1065 2502 utilitatem
1087 2444 1248 2501 oratoribus
1262 2463 1315 2518 per
1335 2445 1417 2502 illam

311 2599 313 2604 s
405 2529 564 2604 potentiam
592 2529 689 2587 afferri
718 2548 756 2586 cx
776 2548 810 2587 eo
839 2548 977 2605 apparere
998 2528 1170 2597 arbitratur,
1199 2528 1275 2604 quod
1304 2528 1416 2585 nullam

405 2614 532 2672 habeant
552 2633 652 2672 earum
672 2633 770 2672 rerum
798 2613 1004 2688 cognitionem,
1034 2615 1070 2670 de
1096 2612 1201 2690 quibus
1228 2616 1324 2686 agant.
1367 2615 1415 2668 Ad

404 2698 476 2756 haee
497 2717 565 2756 vero
585 2699 673 2755 Polus
693 2699 736 2756 ita
756 2696 924 2774 respondet,
945 2705 980 2756 ut
998 2718 1140 2756 summam
1160 2716 1223 2755 csse
1244 2716 1343 2755 eorum
1364 2715 1416 2752 au·

365 2838 367 2842 ,
405 2782 568 2840 ctoritatem
590 2786 620 2840 et
640 2782 799 2855 potentiam
812 2784 1009 2842 demonstrare
1031 2790 1158 2841 conetur.
1189 2783 1315 2839 Possunt
1329 2780 1415 2851 enim,

404 2865 508 2944 inquit,
530 2884 717 2943 quoscunque
739 2865 887 2924 voluerint
914 2873 1104 2942 tyrannorum
1132 2865 1223 2922 instar
1244 2865 1416 2936 interficere,

405 2950 488 3009 bonis
517 2949 576 3008 suis
605 2949 743 3026 spoliare,
773 2949 804 3006 in
826 2949 962 3008 exsilium
988 2949 1104 3019 eiicere,
1135 2948 1261 3025 donique
1281 2948 1417 3006 maximis

405 3035 489 3093 malis
504 3035 625 3093 alficme.
647 3034 722 3091 Tum
736 3053 805 3092 vero
820 3035 965 3092 Socrates:
987 3034 1111 3091 Faciunt
1132 3033 1249 3110 quidem
1268 3033 1316 3091 isti
1338 3034 1417 3110 quod

404 3120 530 3190 lubet,
552 3139 611 3177 non
632 3119 788 3189 autemid,
810 3120 887 3196 quod
908 3118 1059 3189 volunt,
1083 3118 1106 3175 si
1128 3117 1245 3195 quidem
1257 3118 1329 3174 illud
1352 3125 1416 3176 tan-

404 3209 468 3262 tum
488 3205 678 3274 volumus,
701 3205 776 3282 quod
798 3203 881 3262 nobis
902 3203 1044 3279 optimum
1059 3202 1106 3261 sit.
1128 3202 1205 3266 Quid
1220 3203 1297 3280 quod
1311 3203 1414 3274 facere,

404 3293 479 3367 quae
500 3290 607 3360 lubeat,
630 3289 700 3346 adeo
721 3309 779 3346 non
801 3296 846 3347 est
866 3294 1013 3364 potentem
1034 3307 1105 3368 osse,
1127 3294 1161 3347 ut
1181 3307 1240 3344 non
1257 3307 1322 3345 raro
1337 3308 1415 3346 sum·

404 3393 469 3432 mae
489 3373 619 3432 insaniae
641 3378 843 3448 argumentum
872 3374 1021 3431 habeatur.
1065 3372 1119 3431 cui
1147 3372 1263 3451 quidem
1284 3372 1414 3447 disputa·

404 3458 478 3518 tioni
497 3460 585 3517 Polus
607 3478 697 3536 quum
718 3478 776 3516 non
797 3458 904 3516 habeat
929 3459 1007 3536 quod
1027 3465 1104 3516 reete
1131 3458 1236 3533 opponi
1264 3477 1348 3532 posse
1370 3458 1414 3515 vi-

404 3544 514 3614 deatur,
530 3543 640 3602 Socrati
654 3542 738 3601 facile
754 3542 892 3614 concedit,
906 3548 940 3602 ut
954 3543 1096 3601 dictorum
1109 3562 1226 3599 suorum
1239 3541 1413 3600 sententiam

403 3627 556 3686 dilucidius
577 3628 712 3686 illustret.
753 3629 859 3705 Itaque
887 3627 935 3685 hic
955 3627 997 3686 ita
1018 3627 1113 3702 pergit
1132 3627 1287 3702 disputare.
1331 3625 1414 3687 Quae

403 3714 553 3784 volumus,
581 3711 692 3790 inquit,
721 3731 755 3769 ea
782 3732 842 3770 non
862 3719 979 3789 propter
1005 3731 1036 3770 se
1064 3712 1127 3789 ipsa
1155 3710 1332 3787 expetimus,
1363 3713 1413 3768 sod

403 3801 521 3874 propter
539 3797 628 3855 finem
642 3797 768 3874 aliquem
781 3797 864 3871 nobis
885 3796 1078 3874 propositum;
1100 3796 1192 3859 veluti
1205 3795 1415 3853 medicamenta

404 3881 543 3940 sumimus
562 3901 629 3946 ,non
656 3886 774 3956 propter
800 3882 879 3956 ipsa,
907 3883 958 3940 scd
986 3880 1161 3940 valetudinis
1189 3899 1297 3937 caussa.
1348 3880 1414 3936 Iam

404 3966 613 4045 quum'omnia
634 3971 692 4038 ,aut
719 3967 795 4023 bona
823 3970 875 4024 aut
901 3965 979 4023 mala
1005 3966 1064 4023 sint
1092 3970 1143 4022 aut
1170 3982 1223 4022 nce
1256 3966 1332 4022 bona
1360 3984 1414 4021 nec

404 4052 495 4123 mala,
524 4071 574 4124 ea,
597 4066 671 4129 quae
691 4049 723 4107 in
743 4050 847 4107 horum
869 4070 988 4108 numero
1009 4051 1167 4119 habentur,
1194 4069 1253 4105 non
1274 4048 1334 4119 sui,
1363 4050 1414 4106 sed

403 4138 551 4195 bonorum
566 4154 667 4194 caussa
686 4134 762 4194 velle
784 4140 872 4212 atquc
892 4136 987 4193 faeere
1008 4135 1141 4192 solemus.
1184 4131 1329 4195 Quorsum
1349 4153 1414 4208 per-

404 4221 500 4280 tinent
527 4241 586 4280 non
607 4221 701 4279 solum
728 4219 793 4289 illa,
823 4239 902 4297 quae,
931 4219 990 4290 ire,
1018 4219 1131 4289 sedere,
1162 4237 1291 4288 currere,
1320 4218 1414 4288 edere,

406 4305 505 4364 bibere
532 4325 677 4376 vocemus,
712 4305 762 4363 sed
790 4303 878 4362 etiam
907 4324 956 4373 ea,
985 4323 1059 4380 quae
1087 4307 1121 4360 tu
1142 4303 1248 4360 oratori
1275 4302 1414 4373 tribuisti,

403 4383 491 4448 buem
511 4391 626 4451 dicebas
648 4389 718 4448 alios
739 4408 823 4466 posse
844 4388 1015 4459 interficere,
1038 4387 1121 4446 bonis
1142 4386 1202 4446 suis
1222 4386 1352 4463 privare,
1382 4387 1413 4442 in
