3242 5259
365 595 424 657 116
778 590 975 650 PLATONIS

364 751 422 817 τὸν
451 752 559 831 ἕτερον
585 753 694 834 όρῦῶς
722 749 825 833 λέγειν
853 751 937 835 ἢμὴ
958 756 1080 834 σαφῶς,
1100 752 1332 834 χαλεπαίνουσι
1351 773 1383 816 τε

366 851 420 915 καλ
446 851 527 916 κατὰ
555 850 686 932 φθόνον
713 850 836 915 οἴονται
862 851 920 913 τόν
948 848 1072 916 ἑαυτῶν
1092 849 1211 931 λέγειν,
1245 854 1384 932 φιλονει-

366 956 516 1026 κοῦντας,
538 941 603 1012 ἀλλ’
622 947 662 1012 οὐ
683 951 859 1029 ζητοῦντας
878 949 914 1013 τὸ
936 949 1147 1031 προκείμενον
1168 946 1204 1012 ἐν
1223 953 1269 1036 τῷ
1289 949 1383 1035 λόγῳ.

366 1047 421 1112 καὶ
442 1045 578 1128 ἔνιοίγε
600 1050 805 1121 τελευτῶντες
826 1045 970 1128 αἴσχιστα
990 1047 1252 1124 ἀπαλλάττονται,
1284 1047 1385 1112 λοιόο-

368 1143 519 1227 ρηῦέντες
539 1167 571 1208 τε
592 1142 647 1208 καὶ
668 1144 810 1218 εἰπόντες
831 1142 884 1207 καὶ
904 1145 1100 1220 ακούσαντες
1120 1143 1192 1223 περὶ
1213 1148 1308 1226 σφῶν
1330 1145 1385 1210 ου’-

367 1247 432 1306 τῶν
447 1249 590 1321 τοιαῦτα,
611 1235 663 1306 οἷα
679 1241 730 1305 καλ
746 1241 822 1316 τοὺς
835 1242 996 1322 παρόντας
1009 1247 1169 1325 ἄχθεσθαι
1187 1241 1270 1324 ὑπὲρ
1292 1248 1386 1325 σφῶν

318 1342 346 1406 Ε
369 1335 487 1416 αὐτῶν,
510 1337 559 1404 ὅτι
583 1341 739 1404 τοιούτων
763 1340 948 1421 ἀνθρώπων
967 1340 1106 1423 ἠξίωσαν
1125 1339 1283 1422 ἀκροαταὶ
1302 1339 1385 1422 γενέ-

369 1443 455 1502 σθαι.
506 1441 572 1502 Τοῦ
600 1435 639 1520 δὴ
666 1435 759 1501 ἕνεκα
785 1434 866 1518 λέγω
893 1447 1009 1515 ταῦτας
1040 1433 1088 1502 ότι
1108 1447 1171 1502 νῦν
1191 1435 1263 1520 ἐμοὶ
1282 1437 1388 1514 δοκεῖς

370 1536 410 1599 οῦ
441 1529 481 1600 οὐ
510 1538 598 1600 πολνυ
630 1536 796 1601 ἀκόλουθα
826 1533 943 1614 λέγειν,
977 1528 1053 1599 οὐδὲ
1084 1536 1245 1617 σύμφωνα
1274 1528 1324 1611 οἷς
1351 1539 1387 1600 τό

370 1637 499 1714 πρῶτον
531 1630 633 1715 ἔλεγες
660 1633 731 1714 περὶ
759 1643 815 1715 τῆς
844 1632 1022 1716 ῥητορικῆς.
1051 1635 1219 1717 φοβοῦμαι
1246 1628 1309 1698 οὖν
1329 1633 1388 1698 dss-

369 1727 490 1814 λέγχειν
507 1745 550 1809 σε,
572 1733 616 1814 μή
630 1752 668 1811 με
689 1731 855 1814 ὑπολαβφς
875 1727 916 1795 οὐ
937 1733 1017 1812 πρὸς
1037 1734 1073 1795 τό
1094 1743 1229 1813 πρᾶγμα
1249 1736 1387 1813 φιλονει-

370 1839 490 1893 κοῦντα
517 1828 620 1910 λέγειν
649 1835 708 1893 τοῦ
736 1827 919 1910 καταφανὲς
939 1827 1109 1911 γενέσθαι,
1138 1830 1218 1894 ἀλλὰ
1238 1832 1322 1913 πρὸς
1342 1831 1386 1894 σε’.

370 2009 428 2064 347.
445 2011 578 2063 Matthiae.
590 2013 634 2063 Gr.
649 2014 671 2074 ἓ.
685 2010 743 2066 294.
762 2019 788 2063 et
805 2019 893 2064 nostra
910 2013 943 2063 ad
961 2013 1060 2079 Cratyl.
1077 2012 1172 2081 peel.
1183 2014 1221 2078 0.,
1240 2030 1309 2080 quae
1326 2015 1388 2066 hine

371 2082 487 2147 augebis,
505 2081 574 2130 infra
592 2097 616 2146 p.
634 2078 693 2131 478.
711 2082 743 2131 Α.

421 2151 450 2199 Ρ.
467 2146 525 2200 458.
562 2149 595 2198 εἴ
615 2167 641 2197 τι
658 2144 697 2213 μὴ
714 2145 840 2212 ἀληθὲς
858 2147 953 2214 λέγω]
978 2149 1045 2200 vett.
1063 2149 1135 2200 editt.
1152 2155 1178 2200 et
1195 2150 1330 2217 Himehig.
1347 2148 1388 2201 λε’-

404 2318 438 2366 D.
473 2313 489 2380 ἢ
512 2312 551 2380 μὴ
575 2316 703 2384 σαφῶς]
732 2317 853 2383 Intellige
904 2317 971 2368 sind.
994 2317 1208 2369 Coniunctionem
1219 2319 1295 2368 verbi
1312 2317 1390 2385 exne-

371 2401 404 2435 ex
421 2383 634 2436 antecedentibus
653 2390 702 2451 φῇ,
726 2392 755 2434 ut
777 2401 854 2451 saepe
906 2387 969 2435 σθαι
981 2401 1040 2436 eum
1052 2387 1201 2438 aecusativo
1218 2387 1257 2438 rei
1274 2387 1393 2438 illustra·

370 2453 456 2503 solent
473 2469 487 2502 e
501 2454 587 2502 verbis
604 2451 760 2518 negantibus
777 2453 854 2503 intel·
904 2455 988 2503 vimus
1006 2454 1039 2504 ad
1056 2454 1188 2506 Phaedon.
1205 2471 1230 2521 p.
1241 2453 1282 2508 88.
1294 2456 1325 2506 Ε.
1348 2457 1391 2507 De

370 2521 478 2586 ligenda
487 2521 600 2586 relinqui
610 2520 691 2571 verba
705 2522 809 2570 aientia.
828 2537 853 2572 v.
903 2521 1032 2571 infinitivo
1058 2528 1117 2588 post
1138 2518 1183 2572 ola
1209 2523 1283 2575 illato
1305 2540 1331 2573 v.
1355 2523 1391 2575 ad

371 2589 541 2639 Heindorf.
559 2589 634 2638 adh.
652 2589 670 2639 l.
688 2589 746 2640 coll.
765 2595 853 2639 annot.
904 2589 1021 2654 Sympos.
1043 2606 1068 2654 p.
1091 2588 1149 2640 211.
1173 2591 1201 2640 Β.
1228 2591 1290 2642 οοΠ.
1313 2593 1391 2642 Mat·

372 2656 405 2706 ad
428 2657 546 2721 Sympos.
568 2674 593 2723 p.
612 2656 669 2707 192.
686 2658 716 2706 Ε.
751 2657 853 2709 Deinde
903 2657 1004 2707 thiae.
1034 2659 1078 2707 Gr.
1108 2659 1131 2719 ἓ.
1158 2655 1217 2710 535.
1267 2660 1391 2724 Denique

372 2724 424 2774 καλ
458 2724 533 2773 κατὰ
561 2721 693 2786 φθόνον
720 2725 853 2775 οἴονται
903 2721 1035 2789 ἄχθεσθαι
1057 2721 1240 2788 inopinatos)
1262 2727 1301 2777 sio
1323 2727 1394 2778 dixit

373 2787 428 2841 τόν
451 2791 577 2840 ἑαυτῶν
600 2791 706 2854 dieitur,
730 2793 853 2856 quoniam
904 2793 982 2843 etiam
1008 2793 1175 2859 aristoph.
1199 2795 1338 2859 Lysistrat
1366 2812 1392 2849 v.

372 2853 404 2909 ad
428 2859 528 2908 οἴονται
550 2864 636 2908 mente
653 2859 821 2924 cogitandum
838 2856 852 2909 ό
905 2859 950 2911 1οι
969 2857 1038 2910 πόλλ’
1051 2857 1117 2925 ὑπὲρ
1137 2857 1210 2926 ἡμῶν
1227 2867 1280 2912 τῶν
1297 2881 1391 2929 γυναι·

372 2926 461 2991 ἕτερος
481 2921 643 2988 τόνέτερον.
679 2926 754 2977 Unde
775 2929 853 2978 etiam
904 2925 1099 2992 κῶνᾶχθομοι,
1123 2928 1156 2979 ab
1179 2931 1391 2983 Heindorfio

370 2993 570 3059 explicationem
592 2993 671 3042 hahet
688 2996 854 3045 accusativus
904 3002 1074 3062 comparatus.
1101 2998 1156 3048 Nae
1172 2998 1210 3047 ita
1227 3014 1302 3049 rarus
1320 2999 1393 3065 apud

371 3065 589 3124 φιλονεικοῦντας,
602 3056 853 3128 ῦλλόῦζητοῦνιοο,
904 3065 989 3130 ipsum
1021 3065 1157 3116 Platonem
1188 3065 1232 3115 hie
1263 3067 1393 3119 formulae

371 3145 446 3193 quem
476 3144 541 3180 eave
569 3145 628 3180 eum
655 3131 853 3198 Hirsohigio
904 3149 967 3182 usus
982 3138 1028 3182 est.
1043 3148 1068 3182 v.
1082 3133 1243 3198 ApoLSoer.
1261 3151 1288 3201 p.
1302 3133 1344 3188 23.
1361 3136 1394 3187 Ε.

370 3196 399 3246 in
427 3197 615 3247 nominativum
644 3200 854 3259 φιλονεικοῦντες
904 3200 1036 3250 Phaedon.
1052 3217 1078 3266 p.
1095 3200 1136 3252 61.
1154 3201 1184 3252 E.
1205 3201 1296 3266 ibique
1312 3219 1377 3254 aun.

372 3270 397 3314 et
414 3265 552 3331 ζητοῦντες
569 3265 718 3316 mutaveris.
748 3269 854 3318 Poterat
938 3269 968 3317 E.
1004 3273 1061 3318 τοῦ
1086 3269 1278 3332 καταφανὲς
1301 3271 1392 3336 γενέ-

371 3334 440 3382 enim
466 3333 519 3383 diei
544 3335 593 3384 hoe
614 3333 704 3385 modo:
734 3331 854 3385 οἰέταιὸ
907 3335 999 3401 σθαι]
1043 3351 1080 3385 ne
1114 3338 1310 3403 suspiceris
1345 3356 1395 3390 me

370 3401 459 3465 ἕτερος
482 3398 527 3451 τόν
549 3401 641 3465 ἕτερον
664 3398 726 3452 κατὰ
743 3401 854 3465 φθόνον
905 3404 1170 3455 nonreieaussn
1187 3406 1394 3458 contendan-

370 3465 417 3518 τὸν
434 3468 529 3520 ἑαυτοῦ
545 3468 628 3536 λέγειν
646 3473 852 3533 φιλονεικοῦντα,
904 3476 967 3520 tem
991 3471 1121 3534 dicere,
1150 3478 1185 3522 ut
1205 3475 1395 3526 manifesta

370 3532 421 3586 ἀλλ’
440 3533 472 3585 οὐ
490 3538 617 3603 ζητοῦντα
634 3534 660 3588 τό
679 3542 854 3602 προκείμενον
905 3539 981 3601 fiat,
1004 3539 1283 3592 sedtuaeausss.
1318 3542 1394 3594 Infra

371 3602 402 3653 ἐν
425 3609 460 3671 τῷ
481 3602 556 3670 λόγῳ.
592 3606 689 3656 Verum
712 3608 778 3656 vidit
800 3607 853 3656 iam
904 3622 928 3671 p.
946 3605 1005 3659 509.
1027 3609 1066 3657 D:
1094 3604 1142 3657 ἐὰν
1169 3606 1281 3670 δύναμιν
1306 3628 1393 3676 παρα-

371 3671 602 3723 Heindorfius.
637 3676 678 3723 De
696 3690 720 3722 v.
739 3677 853 3737 φιλονει-
906 3672 1062 3738 σκενάοηται
1092 3680 1138 3726 τοῦ
1168 3673 1203 3741 μὴ
1228 3672 1394 3730 ἆδικεῖοθαι.

370 3746 427 3789 κεῖν
454 3757 479 3789 v.
501 3741 633 3791 Phaedon.
655 3759 680 3806 p.
698 3740 739 3792 91.
763 3742 796 3793 Α.
819 3771 853 3780 -
904 3743 1068 3792 Demosth.
1094 3745 1134 3794 De
1161 3743 1255 3795 Ceron.
1282 3763 1307 3812 p.
1330 3745 1393 3799 262.

369 3805 650 3875 λοιδορηθέντες,
687 3811 852 3861 conviciis
904 3810 943 3860 ed.
967 3811 1069 3860 Reiska
1092 3802 1394 3877 ἆρόγεσμικρῶᾶνα-

369 3877 518 3938 onerati,
547 3883 720 3942 postquam
749 3894 782 3928 se
808 3879 853 3927 in·
904 3881 982 3928 λῦσαι
1005 3875 1038 3927 ἄν
1061 3884 1107 3928 τοῦ
1128 3875 1161 3944 μὴ
1181 3876 1210 3929 τὰ
1229 3879 1316 3931 δίκαια
1335 3900 1394 3933 ποτ-

368 3944 475 3992 vicem
493 3945 668 3994 conviciis
685 3946 853 4011 proscide-
904 3952 946 3995 εῖν
969 3945 997 3994 οἱ
1023 3943 1141 3997 πλούσιοι
1164 3946 1240 4014 lucil.
1264 3947 1394 4014 δοκοῦσι).

369 4016 452 4061 runt.
475 4041 508 4048 -
530 4007 584 4061 οἷα
602 4013 652 4062 καὶ
672 4031 691 4063 τ.
709 4031 734 4063 π.
755 4009 851 4078 ἄχθε·
904 4031 928 4064 v.
945 4015 1031 4063 Rost.
1050 4017 1076 4075 ἓ.
1093 4013 1150 4066 109.
1167 4023 1221 4069 not.
1234 4016 1258 4066 1.
1276 4019 1394 4069 Matth.

370 4079 448 4128 σθαι
467 4074 514 4128 ῦπ.
536 4095 586 4142 οφ.
605 4076 684 4141 οῦκ,
703 4087 737 4130 ut
754 4083 852 4132 etiam
904 4083 927 4143 ἓ.
945 4080 1003 4133 540.
1022 4087 1074 4131 not.

368 4152 565 4209 praesentas
584 4163 639 4197 sua
657 4164 782 4199 caussa
805 4150 852 4200 in·
937 4148 1049 4209 εἰμὲν
1074 4149 1126 4200 καὶ
1146 4146 1186 4200 οὐ
1203 4144 1236 4200 εἶ
1253 4170 1272 4201 ι.
1290 4147 1392 4217 dado.

367 4211 559 4278 dignentur,
589 4217 672 4279 quod
698 4223 761 4280 etc..
790 4217 852 4267 duaa
903 4209 1014 4281 (όνπερ
1034 4219 1086 4267 καλ
1106 4215 1183 4304 ε’γιόγ]
1207 4219 1392 4286 Euthyphron.

368 4280 433 4339 αυολι
457 4282 498 4331 die
517 4283 689 4334 Annaeaennlen
711 4302 756 4334 υοι
780 4284 852 4334 ihrer
902 4301 926 4349 p.
949 4284 973 4335 6.
997 4286 1035 4334 A:
1068 4292 1116 4335 νῦν
1141 4305 1190 4336 ουν
1215 4287 1243 4337 εἰ
1268 4289 1321 4338 καὶ
1350 4289 1392 4340 ool

366 4345 438 4396 selbot
455 4349 536 4399 ιοιλλειι
553 4350 666 4400 danaber
680 4353 851 4418 unsufnieden
903 4357 980 4402 ταῦτα
1003 4351 1130 4415 ξυνδοκεῖ
1149 4383 1197 4411 -,
1220 4351 1324 4422 ἀνάγκη
1349 4353 1392 4422 δή,
