3242 5259
479 613 674 676 GORGIAS.
698 614 732 674 P.
750 616 828 672 465.
850 613 895 674 ed.
918 614 962 673 st.

1084 581 1087 588 ’
1175 615 1233 673 ιιι

215 777 250 842 ἓν
272 785 318 860 τῷ
340 778 428 860 αὐτῷ
449 779 502 843 και
523 779 595 858 περὶ
622 768 723 842 ταύτὰ
751 774 902 858 σοφισταὶ
929 777 983 840 καὶ
1004 774 1153 860 ῥήτορες,
1180 775 1236 840 καὶ

215 873 278 942 οὐκ
299 872 430 960 ἔχουσιν
451 877 469 940 5
489 900 519 940 τι
540 879 713 961 χρήσονται
743 879 817 940 οὔτε
839 870 933 939 αὐτοὶ
952 872 1079 952 ἑαυτοῖς
1100 879 1173 939 οὔτε
1200 874 1234 938 οἱ

215 979 307 1040 ἄλλοι
328 979 497 1058 ἄνθρωποι
517 976 651 1050 τούτοις.
673 973 810 1057 καὶγὰρ
831 977 892 1052 ἄν,
921 974 949 1036 el
976 973 1019 1056 μὴ
1040 974 1062 1057 ή
1082 971 1169 1056 ψυχή
1189 981 1235 1054 τῷ

215 1074 338 1157 σώματι
359 1071 536 1153 ἐπεστάτει,
566 1066 632 1136 ἀλλ’
655 1067 733 1137 αὐτὸ
754 1071 860 1153 αὐτῷ,
890 1069 944 1136 καὶ
969 1072 1013 1154 μή
1033 1069 1098 1135 ὑπὸ
1118 1071 1236 1154 ταύτης
1257 1084 1289 1148 D

215 1291 246 1325 ea
262 1274 401 1325 Bekkerus
419 1273 655 1325 Schleiermachero
660 1272 841 1356 obsequutus.
876 1272 996 1323 Daehnio
1014 1272 1179 1323 scribendmn
1195 1273 1234 1321 vi·

216 1345 338 1394 debatur.
363 1340 456 1404 φύσει·
480 1339 497 1392 5
520 1338 542 1392 δ
561 1337 671 1426 555⁶*
655 1359 743 1391 οντων
767 1340 897 1428 φύροιται
922 1340 953 1391 ἐν
971 1346 1006 1408 τῷ
1023 1337 1094 1408 αὐτῷ
1111 1345 1153 1392 και
1171 1342 1233 1402 περὶ

217 1408 308 1462 ταῦτά’
332 1413 388 1460 και
415 1410 534 1473 σοφισταὶ
559 1412 601 1461 και
628 1406 738 1477 ῥήτορες
761 1405 809 1461 οὐκ
833 1410 938 1474 ἔχουσιν
961 1428 983 1461 κ.
1002 1428 1022 1459 τ
1039 1411 1060 1459 l.
1094 1411 1149 1460 Nos
1172 1425 1232 1459 vero

214 1481 299 1530 locum
318 1495 365 1545 pro
383 1494 447 1529 sano
464 1478 597 1543 habemus,
614 1485 795 1545 praeterquam
809 1475 966 1543 quod'orep
985 1494 1034 1538 per
1036 1481 1103 1528 τοι
1090 1476 1233 1529 haeriban-

215 1549 275 1599 dum
292 1562 439 1598 censemus.

265 1615 280 1668 5
300 1634 328 1665 τι
345 1613 540 1680 χρήσονται]
558 1615 616 1666 Par.
634 1615 655 1665 I.
673 1614 750 1665 vind.
768 1613 791 1665 6.
810 1611 965 1681 χρήσωνται.

215 1785 399 1852 philosophus,
442 1789 540 1835 mutato
576 1784 700 1835 orationis

216 1862 314 1916 tenore,
331 1853 460 1918 expressit
477 1853 559 1903 aliter.
582 1854 649 1903 Nam
666 1851 700 1902 ab

214 1924 308 1973 artium
332 1921 574 1973 commemoratione
596 1927 701 1986 repente

215 1991 374 2056 cogitatione
396 1991 499 2040 transiit
521 1989 553 2038 ad
571 2005 630 2052 eos,
656 1990 701 2070 qui

214 2060 272 2109 illas
295 2057 463 2124 profitentur,
485 2063 562 2122 abque
588 2073 641 2108 rem
663 2057 701 2107 ita

214 2128 346 2178 enuntiat:
367 2125 700 2192 sedquumistasibi

215 2196 444 2262 cognatasint
461 2193 641 2255 staffinia,
657 2191 700 2243 ie-

215 2266 304 2314 circo
328 2278 427 2329 saepe
450 2262 638 2312 miscentur
655 2277 700 2312 so·

214 2333 352 2398 phistae
371 2336 472 2395 atque
489 2329 652 2393 rhetores,
663 2330 701 2379 rta

213 2406 243 2451 ut
260 2400 350 2451 rhetor
366 2414 444 2464 saepe
458 2397 590 2463 sophistae
608 2412 641 2449 ac
662 2398 700 2448 vi-

214 2469 304 2518 cissim
334 2467 450 2532 sophista
475 2466 586 2516 rhetoris
614 2472 701 2531 partes

214 2543 277 2604 agat
307 2551 392 2600 neque
418 2541 464 2586 aut
486 2535 538 2600 ipsi
554 2536 638 2585 sciant
655 2540 701 2585 aut

214 2605 261 2655 alii
284 2608 447 2670 perspectum
470 2601 598 2665 babeant,
626 2601 698 2668 quid-

214 2689 276 2724 nam
294 2672 452 2733 discriminis
474 2671 543 2721 inter
560 2682 605 2721 eos
622 2671 699 2721 inter·

214 2741 300 2794 cedat.
340 2728 433 2805 ltaque
460 2739 624 2805 participium
653 2735 698 2787 ὄν-

214 2828 267 2859 των
284 2809 391 2874 ponitur
415 2807 467 2867 sic,
488 2812 518 2857 ut
540 2821 628 2857 rursus
651 2802 698 2856 c5·

213 2882 266 2928 τῶν
290 2881 382 2926 ιιοιιιιο
412 2891 505 2940 genere
527 2875 697 2940 intelligatur.

214 2947 301 3011 Atque
312 2945 377 2995 haec
395 2946 418 2994 si
432 2959 494 2994 vara
505 2949 573 3006 sunt,
593 2948 699 3009 apparet

213 3016 330 3080 profecto
354 3011 698 3062 Schleiermacherum

213 3089 240 3133 et
262 3081 451 3132 Bekkerum
472 3081 553 3130 verba
576 3077 697 3162 σοήιισται

213 3151 255 3201 και
295 3146 404 3216 ῥήτορες
443 3148 538 3198 iniuria
572 3149 697 3210 omisisse,

213 3220 309 3284 quibus
320 3217 430 3268 abiectis
440 3213 613 3266 intolerabilis
620 3216 698 3282 plane

213 3289 297 3338 oritur
313 3285 440 3336 sermonis
456 3283 611 3334 obscuritas.
647 3284 698 3335 Ne·

212 3372 263 3422 que
282 3370 345 3405 vero
362 3352 482 3403 idoneam
492 3352 609 3403 videmus
623 3367 697 3403 caus-

171 3448 184 3487 ι
213 3441 268 3474 sam
295 3428 321 3474 st
345 3422 482 3483 rationem,
511 3435 557 3471 cur
581 3436 612 3471 ea
633 3426 699 3470 tam-

212 3507 292 3558 quam
308 3490 398 3555 spuria
414 3488 525 3539 delenda
541 3489 601 3542 sint.
631 3489 698 3539 Nam

212 3559 282 3625 quod
301 3560 339 3609 ait
355 3556 697 3610 Schleiermacberus

213 3627 369 3690 ,dicendum
401 3625 482 3676 fuisse
514 3625 644 3706 sqphistas
671 3630 698 3674 et

213 3698 329 3747 rhetores
356 3709 410 3743 non
436 3695 504 3744 inter
532 3694 616 3759 ipsos,
652 3692 697 3742 sed

213 3781 272 3815 cum
290 3763 357 3814 iuris
369 3761 463 3843 peritis·
468 3766 494 3812 st
504 3759 698 3828 legislatoribus

214 3831 350 3894 confundi,
385 3830 508 3895 quoniam
540 3835 631 3896 agatur
665 3828 696 3878 de

213 3916 335 3952 verarum
351 3904 378 3948 et
394 3898 519 3949 falsarum
533 3899 628 3948 artium
641 3913 696 3961 per·

212 3970 355 4020 ιιιιιιαιίοιιο
373 3971 399 4016 et
411 3965 577 4017 contusione''
579 4003 585 4027 ‚
601 3966 697 4016 erravit

214 4039 270 4088 sine
293 4035 374 4086 dubio
397 4035 438 4084 vir
460 4035 594 4100 egregius,
617 4049 696 4098 quum

213 4121 283 4156 nunc
313 4104 346 4155 de
370 4103 431 4152 unis
460 4103 555 4152 artium
578 4117 696 4152 verarum

214 4172 362 4224 simulacris
380 4176 406 4221 et
422 4171 497 4235 quasi
510 4168 696 4220 imitatricibus

213 4258 261 4293 nec
278 4257 342 4291 vero
359 4239 391 4289 tle
407 4239 463 4288 illis
476 4239 539 4303 ipsis
557 4254 640 4289 sermo
654 4239 696 4288 sit.

213 4311 330 4376 eogitari
365 4313 452 4370 autem
482 4307 618 4357 Platonem
652 4321 696 4354 vo-

211 4379 292 4429 luisse
315 4377 347 4428 sle
364 4375 519 4441 sophistices
537 4381 617 4439 atque
640 4375 696 4424 rhe-

213 4447 306 4497 toricas
322 4442 515 4507 commixtione,
534 4457 602 4507 quae
616 4443 646 4492 -in
665 4457 696 4492 eo

752 1790 886 1847 cernatur,
907 1789 936 1834 ιιι
953 1782 1039 1835 rhetor
1056 1800 1132 1850 saepe
1150 1785 1235 1850 sophi-

752 1859 819 1903 stam
836 1859 898 1919 agat
923 1859 949 1903 et
966 1853 1083 1919 sophista
1098 1854 1234 1914 rhetorem,

751 1920 955 1972 luculentissime
962 1927 1068 1991 apparet
1078 1937 1111 1973 ex
1119 1923 1235 2008 iis,quac

751 2005 776 2054 p.
794 1988 853 2040 520.
871 1990 902 2038 A.
920 1990 1055 2054 leguntur·
1080 1987 1188 2049 ταύτόν,
1213 1981 1235 2039 ὦ

751 2055 956 2122 percipiatur!
978 2055 1103 2125 σοφιστής
1126 2054 1202 2108 uol‘
1188 2054 1234 2124 ρή-

752 2142 813 2207 sprp,
833 2145 848 2192 5
837 2123 943 2210 5555s
956 2144 977 2175 τι
990 2126 1032 2176 και
1044 2125 1234 2209 παραπλήσιον,

752 2191 838 2259 ὥςπερ
863 2190 914 2260 55
932 2194 1023 2259 ἔλεγον
1046 2191 1112 2258 πρὸς
1132 2194 1234 2255 llollor,

752 2277 819 2326 quae
840 2268 910 2313 recte
932 2263 1059 2314 iudicavit
1074 2261 1234 2313 Heindor-

751 2330 820 2380 fius
842 2329 874 2381 ad
897 2330 968 2381 bunc
990 2331 1078 2382 locum
1100 2332 1233 2396 respicere.

751 2398 842 2464 Itaque
886 2399 952 2448 haee
998 2415 1099 2465 quoque
1121 2399 1234 2449 -riden-

751 2473 793 2516 tur
828 2467 892 2516 satis
927 2467 978 2517 iam
1019 2467 1140 2533 expedita
1168 2483 1233 2518 esse.

751 2533 867 2585 Eandem
896 2549 957 2585 vero
986 2535 1233 2601 interpretationem,

751 2618 828 2667 quam
856 2619 904 2652 nos
932 2605 1122 2668 proposuimus,
1155 2604 1232 2654 etiam

751 2670 1014 2736 Olympiodorus
1038 2678 1162 2737 sequutus
1185 2678 1232 2735 est,

750 2739 795 2804 qui
814 2738 847 2789 ad
864 2739 935 2788 hunc
953 2739 1038 2790 locum
1056 2743 1094 2790 ita
1104 2756 1233 2792 commen·

750 2813 832 2858 tatur.
853 2805 974 2873 σύγχυσις
990 2805 1055 2873 γάρ,
1073 2809 1171 2873 inquit,
1193 2813 1232 2875 γί-

750 2892 837 2957 yvetot
856 2881 1012 2961 σοφιστικῆς
1026 2877 1067 2927 καὶ
1088 2874 1233 2943 ῥητορικῆς·

750 2940 819 2992 οὗτοι
822 2949 908 3026 poor
931 2941 1012 2994 καὶὸ
1034 2947 1160 3030 Papylus,
1187 2961 1231 2996 oo·

752 3007 847 3077 φιστὴς
858 3008 904 3070 ὧν,
923 3004 1065 3062 startv'
1032 3031 1130 3079 ρητορα
1142 3012 1231 3064 ἕποιεν.

750 3079 888 3144 Superest,
912 3087 941 3130 ut
964 3081 995 3131 ds
1018 3082 1129 3148 singulis
1146 3083 1233 3132 verbis

749 3163 834 3213 pauca
855 3163 1014 3200 moneamus.
1060 3151 1099 3200 Ac
1121 3152 1234 3235 primpm

750 3215 854 3280 quidem
877 3215 908 3266 de
926 3223 1017 3268 neutro
1035 3224 1150 3269 ταῦτασ.
1168 3215 1234 3269 αὐτοι

749 3289 807 3348 post
841 3285 948 3336 nomina
977 3286 1096 3336 feminini
1129 3289 1232 3352 generis

749 3351 918 3418 intelligendo
940 3369 965 3403 v.
988 3355 1159 3405 Matthiae.
1187 3355 1231 3405 Gr.

750 3422 773 3482 ἓ
796 3417 854 3471 439.
878 3436 910 3471 ac
931 3421 963 3472 de
989 3423 1149 3473 nominativo
1172 3424 1231 3473 sub·

749 3489 811 3538 iscti
828 3489 965 3552 omisso§.
982 3488 1033 3541 294
1050 3506 1121 3555 seq.
1155 3493 1231 3541 Prae-

748 3562 819 3606 terea
829 3557 968 3608 tenendum
980 3558 1049 3608 ιιιιιιι
1071 3577 1126 3609 ovs
1144 3559 1230 3623 ἔχον-

751 3639 803 3674 σιν
832 3621 847 3675 5
873 3644 898 3675 τι
924 3624 1107 3690 χρήσονται
1134 3627 1231 3693 signin·

749 3707 823 3742 care:
847 3695 1021 3744 consilii*
1013 3711 1128 3760 inopes
1145 3702 1231 3757 sunt,

749 3760 828 3824 quid
858 3760 894 3811 de
922 3778 955 3813 se
984 3764 1130 3828 faciant,
1158 3765 1184 3814 h
1208 3781 1231 3815 e.

749 3827 970 3894 sophistarum
1001 3848 1039 3882 an
1064 3832 1230 3882 rhetorum

748 3912 863 3947 nomen
903 3899 1134 3962 profiteantur.
1198 3901 1229 3949 In

748 3965 843 4030 quibus
876 3981 923 4016 cur
956 3984 1027 4019 nunc
1060 3967 1230 4019 indicativum

748 4034 837 4095 futuri,
855 4035 932 4085 etiam
942 4035 1058 4085 codicum
1075 4037 1229 4088 testimoniis

748 4101 891 4163 firmatum,
923 4105 1092 4167 tenuerimus,
1127 4104 1231 4156 docebit

748 4171 881 4219 annotatio
904 4170 937 4219 ad
960 4171 1047 4236 Symp.
1073 4171 1131 4222 216.
1149 4173 1179 4224 0.
1203 4180 1229 4222 et

747 4236 902 4320 Euthydem.
919 4254 943 4303 p.
951 4237 1019 4320 „285
1038 4240 1067 4290 C.

744 4361 745 4364 Ἴ
781 4305 835 4355 καὶ
860 4323 921 4371 γαρ
946 4324 999 4366 αι
1022 4307 1054 4356 el
1075 4304 1229 4375 μὴήψυ-
1325 4367 1326 4370 ¹

747 4372 822 4440 χήκ.
842 4391 860 4423 τ.
879 4374 911 4438 ι]
942 4375 1028 4426 Etiam
1052 4376 1117 4426 haec
1138 4378 1229 4442 paullo

747 4441 882 4494 obscurius
899 4442 970 4493 dicta
987 4449 1055 4495 sunt.
1096 4446 1230 4498 ludicatur
