3242 5259
512 573 696 633 GORGIAS.
718 576 751 632 P.
775 575 845 633 472.
868 575 938 633 473.
960 576 1005 634 ed.
1029 576 1072 633 St.
1242 578 1300 635 167

279 736 390 797 ΠΩΛ.
406 728 529 798 ’Ἁτοποί
549 756 600 817 γε,
624 728 649 799 ὦ
672 738 860 816 Σώκρατες,
883 735 1047 818 ἐπιχειρεῖς
1067 733 1180 819 λέγειν.
1222 740 1300 805 ΣΩ.
1322 744 1384 807 473

281 833 487 914 Πειριίσομαι
506 829 541 896 δέ
561 855 597 915 γε
618 833 672 897 καὶ
692 833 726 898 σὲ
746 845 894 916 ποιήσαι.
917 827 942 897 ὦ
964 831 1086 917 ἑταῖρε,
1107 834 1207 917 ταύτδι
1230 833 1299 916 ἐμοὶ

277 929 403 1011 λέγειν·
433 931 530 1011 φίλον
549 931 611 1013 γάρ
640 947 675 994 σε
702 931 851 1013 ἡγοῦμαι,
882 942 945 994 νῦν
965 930 1023 1013 μὲν
1052 926 1113 996 οὖν
1142 935 1162 995 θ
1190 932 1299 1015 διαφε-

279 1030 408 1111 ρόμεθα
429 1028 516 1092 ταῦτ’
539 1025 618 1091 ἐστι’·
640 1030 751 1092 σκόπει
771 1028 805 1092 δὲ
826 1028 880 1093 καὶ
901 1030 950 1092 σύ.
980 1023 1073 1094 εἶπον
1094 1028 1156 1112 ἐγώ
1176 1051 1245 1093 που
1264 1028 1300 1094 ἐν

279 1132 348 1201 τοῖς
369 1123 554 1209 ἔμπροσθεν
581 1124 617 1190 τδ
638 1126 761 1189 ώδιιιεῖν
781 1132 840 1191 τοῦ
871 1127 1050 1190 ἀδικεῖσθαι
1071 1133 1184 1192 κώνιον
1205 1121 1296 1191 εἶναι.

283 1227 394 1289 ΠΩΛ.
419 1225 516 1287 Πάνυ
537 1245 580 1306 γε.
604 1226 676 1287 ziz.
699 1224 751 1287 Σὺ
771 1223 805 1287 δὲ
821 1223 858 1286 τδ
875 1224 1064 1288 ἀδικεῖσθαι,
1089 1227 1196 1288 ΠΩΛ.
1219 1225 1297 1288 Ναί.

282 1324 356 1387 Eri.
381 1321 449 1386 Καὶ
468 1320 546 1395 τους
566 1321 757 1404 οίδιιιοῦνγας
778 1322 915 1396 ἀθλίους
936 1318 1020 1405 ἔφην
1040 1317 1122 1387 εἶναι
1143 1322 1223 1405 ἐγώ,
1243 1320 1297 1386 καὶ

281 1419 477 1503 ἐξηλέγχθήν
496 1415 561 1482 ὑπὸ
581 1425 651 1482 σοῦ.
691 1421 799 1482 irrisi.
822 1420 890 1483 Ναὶ
909 1419 953 1501 μὰ
975 1421 1050 1483 Δία.
1080 1423 1154 1484 ziz.
1173 1420 1236 1496 ‘sig
1255 1423 1297 1484 σύ

280 1539 315 1599 γε
337 1516 407 1592 οἴει,
431 1511 456 1580 ὦ
479 1520 581 1580 Πώλε.
613 1519 720 1580 ΠίδΛ.
743 1520 861 1599 ’Λλιγθῇ
881 1539 917 1599 γε
938 1518 1084 1599 οἰόμενος
1106 1519 1189 1593 ἴσως,
1219 1520 1292 1580 ΣΩ.
1316 1519 1344 1582 Β

282 1614 335 1676 Σὺ
356 1614 391 1678 δέ
412 1635 447 1696 γε
469 1614 660 1696 εὐδαίμονας
688 1608 730 1676 αὖ
750 1613 827 1689 τοὺς
855 1616 1064 1691 ἀδικοῦντας,
1095 1614 1152 1679 ἐὰν
1180 1614 1223 1698 μὴ
1252 1616 1295 1679 δι-

283 1713 360 1775 δῶσι
380 1712 482 1796 δίκην.
507 1715 615 1775 ΠΩΛ.
639 1713 736 1775 Πάνυ
754 1710 812 1794 μὲν
829 1707 897 1776 οὖν.
920 1715 994 1776 ziz.
1015 1713 1102 1796 Ἐγὼ
1123 1713 1157 1777 δὲ
1178 1707 1296 1788 αὐτοὺς

281 1811 503 1884 ώθλιωτοίτους
523 1810 614 1892 φημί,
636 1809 712 1884 τοὺς
733 1809 767 1872 δὲ
787 1810 936 1885 διδόντας
956 1811 1049 1893 δίκην
1060 1801 1166 1894 ἧττον.
1187 1812 1297 1891 βούλει

281 1907 330 1971 καὶ
355 1918 453 1972 τοῦτο
474 1905 625 1991 ἐλέγχειν,
656 1910 764 1971 nnn.
784 1902 870 1973 Ἀλλ’
892 1905 937 1971 ἔτι
957 1902 1040 1972 τοῦτ’
1063 1908 1189 1973 ἐκείνου
1209 1913 1295 1993 χαλε-

280 2006 425 2084 πώτερόν
445 2003 547 2083 ἐστιν,
571 1998 596 2069 ὦ
618 2009 805 2092 Σώκρατες,
835 2004 995 2087 ἐξελέγξαι.
1036 2009 1110 2070 ΧΩ.
1136 2008 1185 2070 Οὐ
1206 2008 1295 2089 δῆτα,

281 2096 305 2165 ὡ
329 2107 435 2177 Πῶλε,
457 2100 520 2166 ἀλλ’
543 2104 721 2167 ἀδύνατον·
760 2104 796 2166 τὸ
817 2103 879 2185 γὰρ
900 2105 1017 2187 ἀληθὲς
1039 2105 1191 2169 οὐδέποτε
1212 2101 1295 2185 ἐλέγ-

280 2223 373 2284 χεται.
397 2204 506 2265 iiim.
531 2204 608 2275 Πῶς
627 2200 741 2282 λέγεις;
770 2198 828 2265 ἐὰν
846 2202 967 2266 οίδικων
986 2206 1163 2284 ἄνθρωπος
1182 2205 1313 2284 ληφθῇ·

279 2299 449 2381 τυραννίδι
486 2298 719 2380 ἐπιβουλεύων,
758 2297 811 2363 καὶ
843 2298 979 2380 ληφθεὶς
1018 2301 1209 2382 στρεβλώται
1241 2298 1295 2363 καὶ
1331 2311 1358 2379 0

279 2525 324 2574 pro
343 2524 395 2573 quo
418 2507 481 2557 libri
502 2506 618 2557 Platonis
641 2506 738 2557 habent
759 2507 807 2568 μὲν
831 2511 928 2557 τοίνυν.
963 2507 1041 2573 Apud
1064 2506 1174 2557 eundem
1197 2503 1295 2558 ἀθλιώ-

279 2595 351 2629 τατος
368 2592 415 2642 pro
433 2570 593 2638 ἀθλιώτερος
605 2575 729 2641 seriptum
747 2581 841 2625 exstat.

330 2714 360 2762 P.
378 2707 438 2762 473.
461 2712 490 2761 Β.
521 2706 568 2762 Ώε
595 2705 633 2759 σύ
655 2726 689 2775 γε
713 2708 788 2776 οίέι]
814 2727 844 2776 γε
866 2708 982 2759 additum
1006 2727 1020 2760 e
1043 2711 1109 2761 Ven.
1135 2709 1193 2760 ΞΣ.
1217 2709 1296 2760 vind.

278 2780 302 2832 2.
320 2778 345 2833 7.
363 2779 433 2830 Flor.
452 2778 475 2828 d.
493 2795 518 2830 x.
538 2778 604 2843 Aug.
623 2777 729 2831 Meerm.
747 2778 821 2829 Bodl.
838 2784 863 2827 et
881 2777 921 2828 ed.
939 2779 998 2828 Bas.
1009 2776 1040 2828 -2,

278 2968 302 3016 p.
321 2947 381 2999 471.
399 2947 428 2997 G.
446 2962 471 3011 p.
489 2943 546 2997 470.
565 2945 593 2995 O.
620 2946 762 2996 Prinsts·
814 2945 878 2999 Mid.
898 2963 925 3026 p.
944 2944 1008 3009 526,
1032 2944 1061 2998 7τ
1086 2945 1162 3011 δίκην
1185 2943 1231 2997 τὸν
1253 2941 1295 2996 ἀεὶ

278 3034 336 3069 ror.
355 3013 561 3080 Prosopogrsph.
578 3013 644 3063 Plat.
662 3030 686 3079 p.
705 3013 762 3066 106.
815 3015 966 3080 ληφθεντα,
985 3011 1018 3081 ήν
1037 3009 1168 3081 προςήκει,
1185 3011 1296 3064 διδόναι.

279 3087 346 3137 ι”σιοε
359 3083 469 3201 ρφὲεδεε
480 3083 581 3199 {petriani
597 3080 763 3199 trilpuendunp
813 3084 838 3200 ξ
842 3083 1079 3202 1οτ6οΡὲεεὲδε.ιφ.
1097 3081 1202 3200 253(ss
1222 3083 1295 3201 Rggp.

279 3169 343 3204 esse.
433 3166 564 3200 uersu
602 3165 751 3200 onumen
840 3187 887 3199 ..
958 3166 1113 3200 ..e.
1172 3185 1296 3200 ...

281 3224 334 3273 sior
348 3166 438 3271 ”loosq·
458 3214 490 3266 σδ
509 3215 538 3266 δὲ
555 3166 601 3282 yffi?
610 3218 669 3268 Non
687 3218 761 3268 male.
814 3218 843 3268 0.
863 3167 918 3267 pSic
946 3220 1024 3268 etiam
1051 3166 1147 3269 Εἰδοὶ.
1181 3166 1294 3269 fferre

313 3283 388 3339 Ἀλλ’
423 3287 470 3335 ἔτι
506 3281 588 3334 τοῦτ’
620 3284 760 3336 ἐκείνου
814 3285 1034 3348 Οδ.Π,16,1τ
1063 3286 1171 3337 Otium
1198 3290 1294 3351 rogat
1390 3283 1400 3292 ’

278 3355 352 3423 χαλ]
383 3356 463 3404 Recto
480 3360 569 3404 censet
585 3353 667 3404 schol.
684 3355 762 3404 etiem
813 3354 845 3402 in
863 3354 996 3418 patenti
1014 3369 1158 3419 prensus
1176 3354 1292 3419 Aegeo.

278 3427 344 3475 haee
373 3415 443 3472 dicis
471 3436 527 3470 esse
555 3437 613 3471 curn
636 3422 761 3473 irrisione.
814 3421 930 3488 virgil.
954 3422 1018 3472 Aen.
1043 3422 1073 3471 V.
1097 3436 1121 3469 v.
1139 3419 1180 3470 52.
1215 3421 1295 3472 Plurs

279 3493 437 3544 Referuntur
458 3494 544 3538 sutem
561 3487 594 3538 sd
611 3488 670 3551 ills,
695 3505 762 3555 quse
814 3488 886 3539 dabit
913 3487 1054 3540 Dorvill.
1082 3488 1114 3538 sd
1143 3487 1240 3538 charit.
1268 3504 1294 3553 p.

813 3555 871 3608 599.
886 3557 954 3606 Dein
965 3554 1103 3620 τυραννίδι
1113 3553 1295 3621 ἐπιβουλεύειν

280 3578 303 3627 p.
322 3557 381 3611 470.
400 3557 429 3608 0.
446 3557 576 3622 leguntur.

814 3630 853 3676 est
870 3624 994 3675 callido
1016 3624 1230 3690 tyrannidem
1252 3623 1295 3672 si·

315 3626 373 3677 ἐὰν
396 3621 519 3675 α’δικών
543 3621 693 3687 ἄνθρωπ.
713 3627 761 3689 λη·

280 3698 350 3760 φθῇ
367 3692 410 3759 -1
434 3694 467 3743 Η.
485 3709 507 3742 e.
525 3693 687 3758 καταληφθῇ.
703 3693 762 3743 Ηο·

278 3779 351 3814 mer.
370 3761 444 3811 liiad.
468 3756 496 3809 λ’.
514 3776 539 3809 ν.
557 3755 618 3812 126ι
650 3764 695 3810 τοῦ
712 3775 760 3822 περ

280 3828 311 3896 δή
362 3826 409 3879 δύο
450 3827 525 3878 παῖδε
563 3825 627 3893 λα’βε
665 3830 763 3891 κρείων

279 3895 456 3963 Ἀγαμέμνων,
474 3895 517 3946 εἰν
535 3895 576 3945 ivi
595 3894 685 3961 δίφρῳ
704 3892 761 3945 δόν-

281 3983 333 4025 τας,
352 3961 420 4025 ὁμοῦ
439 3960 461 4014 δ’
480 3963 538 4028 ἔχον
558 3960 639 4016 ώκὲαε
658 3965 761 4016 ίππονε.

280 4030 437 4099 Sophoel.
461 4030 524 4082 Oed.
548 4034 610 4094 Tyr.
635 4047 659 4081 v.
688 4029 762 4082 1024.

281 4103 320 4152 ed.
347 4101 452 4150 Herm:
475 4095 543 4149 τίδ’
567 4098 644 4180 ἄλγος
668 4094 761 4162 ἴσχαν’

281 4169 311 4219 ἐν
339 4174 429 4220 κακοῖς
458 4182 490 4227 με
517 4169 672 4232 λαμβανειε;
707 4169 763 4217 De·

279 4237 436 4287 mosthen.
454 4234 513 4284 adv.
527 4235 651 4288 Aristoer.
669 4251 693 4299 p.
705 4234 762 4298 721,

279 4304 320 4357 20.
338 4305 377 4356 sd.
395 4303 498 4355 Reios:
524 4299 614 4366 ἐπειδὴ
637 4301 696 4356 τούς
720 4301 762 4353 νό-

280 4390 346 4434 μους
364 4376 521 4438 κακουργῶν
538 4372 662 4436 εἴληπται.
696 4371 763 4421 Αδν.

814 3694 950 3742 feriare.
967 3708 992 3741 v.
1003 3693 1037 3743 sd
1049 3693 1184 3758 Prote-gp.
1195 3689 1254 3744 343.
1264 3691 1293 3741 0.

814 3762 854 3810 De
870 3761 995 3825 proximis
1013 3760 1081 3812 enni.
1099 3760 1236 3811 Luoian.
1253 3761 1294 3809 De

812 3829 898 3879 Luotn
926 3829 950 3889 ξ.
978 3825 1007 3879 8:
1037 3824 1243 3894 στρεβλούμενοί
1269 3844 1295 3875 τε

814 3896 857 3947 καὶ
876 3894 1054 3955 καιόμενοι-
1069 3897 1111 3947 καί
1130 3900 1213 3961 τροχῷ
1231 3908 1293 3954 συμ-

816 3961 966 4028 φερόμενοι.
1000 3963 1084 4014 Plst.
1119 3963 1151 4013 de
1184 3959 1293 4026 Repubi.

814 4033 847 4081 II.
864 4048 889 4097 p.
907 4029 966 4082 361.
988 4034 1024 4081 E:
1047 4029 1085 4081 ὅτι
1107 4029 1176 4081 οὕτω
1199 4029 1294 4080 διακεί-

814 4117 893 4161 μενοο
928 4095 942 4148 ὁ
973 4098 1071 4151 δίκαιον
1103 4094 1295 4164 μαστιγώσεται,

816 4163 1012 4231 στρεβλώσεται,
1040 4164 1183 4232 δεδήσεται,
1201 4164 1295 4216 ἐκκαυ-

815 4232 925 4316 θήσεται
963 4231 1127 4298 τώφθαλμώ,
1170 4236 1295 4284 τελευτῶν

815 4321 899 4352 πανια
910 4300 975 4352 κακὰ
988 4299 1082 4352 παθών
1091 4298 1295 4368 α’νασχινδυλευ·

814 4371 939 4437 θήσεται,
962 4371 1005 4421 ταὶ
1027 4367 1169 4438 γνώσεται,
1193 4369 1230 4424 ὅτι
1247 4365 1296 4420 οὐκ
1344 4381 1346 4387 “
