3242 5259
376 604 415 656 56
729 592 1028 654 PROLEGOMENA

376 771 505 842 tempore
527 765 621 841 operis
642 764 727 832 modo
749 763 915 838 expositum
942 767 1001 835 est;
1031 763 1127 838 placet
1146 763 1237 836 igitur
1258 765 1393 823 accedere

376 851 465 910 etiam
479 851 516 907 ad
530 869 594 908 eam
608 848 816 926 quaestionem,
840 866 914 925 quae
929 847 1057 922 pertinet
1077 849 1113 905 ed
1126 852 1264 924 tempora,
1287 849 1394 926 quibus

377 935 522 1009 dialogum
549 933 683 993 habitum
718 932 790 1006 fingi
820 932 967 1007 probabile
995 932 1138 991 videatur.
1195 933 1295 992 Habet
1322 952 1392 993 vero

377 1021 449 1077 haec
470 1022 500 1076 at
518 1018 583 1093 ipsa
601 1017 762 1090 singulares
784 1017 925 1094 quasdam
945 1016 1144 1088 difficultates,
1172 1036 1247 1094 quae
1268 1018 1318 1077 vel
1339 1038 1394 1075 nu-

377 1103 509 1180 perrimis
529 1102 596 1160 libri
624 1101 831 1177 interpretibus
859 1100 940 1160 visae
968 1107 1037 1160 sunt
1067 1102 1139 1159 adeo
1166 1101 1393 1174 inextricabiles,

377 1193 412 1247 ut
431 1187 562 1265 plerique
584 1206 682 1244 omnes
697 1206 759 1244 rem
779 1186 812 1243 in
833 1185 927 1244 medio
941 1187 1104 1263 relinquere
1119 1185 1280 1244 consultius
1301 1187 1393 1246 duxe-

376 1273 445 1344 rint,
468 1291 556 1350 quam
576 1270 717 1329 curiosius
731 1272 768 1328 de
790 1289 825 1328 ea
846 1289 991 1346 exponere
1007 1276 1058 1328 aut
1079 1270 1151 1328 certi
1169 1270 1240 1348 quid
1254 1276 1394 1331 statuere

378 1356 574 1414 Nihilominus
603 1356 755 1433 exquirere
785 1355 966 1426 conabimur,
998 1375 1070 1413 num
1097 1373 1156 1432 qua
1185 1356 1221 1413 ad
1249 1354 1396 1434 liquidum

378 1442 498 1518 perduoi
519 1445 607 1519 queat
627 1441 703 1518 quod
725 1440 820 1499 adhuc
840 1439 872 1497 in
894 1439 980 1498 dubio
1003 1445 1033 1499 et
1052 1439 1162 1499 incerto
1185 1438 1320 1499 relictum
1341 1447 1395 1512 est,

379 1526 575 1604 ecquomodo
597 1523 738 1601 experiri,
767 1545 839 1582 num
859 1524 914 1582 hac
935 1543 1050 1602 quoque
1077 1543 1164 1600 opera
1190 1529 1292 1584 nostra
1312 1545 1395 1600 prae-

379 1610 557 1669 stantissimo
579 1609 702 1668 sermoni
717 1609 827 1687 aliquid
842 1608 914 1668 lucis
930 1611 1083 1668 admovere
1097 1609 1248 1685 possimus.
1276 1610 1396 1670 Tracta·

379 1696 474 1753 bimus
496 1699 594 1753 autem
614 1695 690 1752 hanc
711 1694 862 1752 materiam
883 1693 937 1750 hoc
951 1695 1060 1764 ordine,
1082 1699 1117 1753 ut
1137 1694 1263 1769 primum
1278 1694 1397 1772 quidem

379 1780 475 1839 varias
496 1799 531 1836 ac
550 1779 679 1838 diversas
705 1778 870 1837 anticorum
898 1778 934 1835 de
961 1799 993 1837 re
1021 1784 1207 1839 controversa
1234 1780 1397 1839 sententias

379 1864 478 1940 paucis
499 1883 693 1939 proponamus
700 1908 707 1934 ,
737 1863 841 1920 deinde
868 1862 952 1936 signa
973 1868 1003 1922 et
1022 1863 1130 1922 indicia
1150 1869 1314 1938 temporum
1335 1864 1397 1923 dia·

379 1949 444 2023 logo
464 1949 521 2024 ipsi
541 1949 681 2024 impressa
704 1947 871 2021 colligamus
893 1967 1049 2026 eorumque
1069 1954 1203 2007 notemus
1229 1948 1397 2026 discrepan-

379 2033 459 2104 tiam,
489 2037 633 2108 postremo
657 2037 755 2090 autam
775 2031 975 2108 dispiciamus,
997 2053 1068 2090 num
1089 2052 1163 2111 quae
1185 2033 1278 2109 prima
1299 2035 1397 2109 specie

379 2117 505 2176 maxime
526 2117 604 2177 inter
623 2117 687 2193 ipsa
707 2136 836 2193 pugnare
858 2117 1010 2188 videntur,
1042 2137 1077 2174 ea
1097 2118 1175 2176 inter
1195 2137 1226 2176 se
1249 2118 1398 2177 conciliari

380 2207 411 2260 et
432 2202 578 2259 adunam
599 2202 743 2279 quandam
763 2206 926 2276 temporum
946 2203 1068 2260 formam
1089 2209 1120 2260 et
1133 2201 1298 2276 imaginem,
1320 2223 1397 2280 quae

380 2285 544 2361 philosophi
574 2285 669 2343 animo
697 2285 736 2342 sit
764 2288 932 2356 obversata,
961 2287 1063 2344 referri
1090 2292 1208 2364 queant.
1258 2286 1344 2349 Quod
1373 2289 1398 2347 si

382 2371 527 2427 commode
548 2369 612 2428 fieri
633 2369 754 2444 poterit,
784 2375 861 2428 certe
883 2369 971 2428 etiam
998 2377 1112 2448 tempus
1132 2371 1206 2429 illud
1225 2371 1398 2446 indagatum

383 2475 445 2514 esse
466 2454 564 2530 putari
591 2454 703 2525 licebit,
733 2473 789 2531 quo
819 2474 911 2512 sermo
940 2456 1057 2514 habitus
1084 2456 1156 2530 fingi
1185 2455 1398 2516 existimandus

383 2540 430 2612 sit,
451 2539 621 2616 praesertim
642 2539 667 2597 si
688 2538 777 2596 etiam
797 2539 929 2598 universi·
953 2539 1020 2598 libri
1042 2561 1183 2598 summam
1211 2540 1238 2598 ei
1259 2541 1313 2605 uni
1334 2562 1397 2601 esse

383 2625 601 2683 convenientem
623 2624 853 2682 demonstratum
873 2624 970 2683 fuerit.

444 2709 548 2787 Itaque
570 2707 696 2784 primum
719 2708 835 2785 quidem
856 2708 907 2766 ubi
928 2708 1102 2786 quaerimus,
1125 2709 1196 2786 quid
1216 2709 1285 2768 libri
1306 2710 1397 2770 inter-

380 2798 477 2868 pretes
498 2797 585 2870 atque
615 2791 707 2850 critici
736 2793 772 2848 de
801 2799 929 2868 tempore
949 2793 1155 2865 iudicaverint,
1185 2813 1242 2871 quo
1263 2794 1397 2870 dialogus

380 2881 545 2952 peraretur,
573 2881 676 2949 regnat
697 2895 766 2933 sane
786 2877 915 2934 maxima
936 2897 971 2934 ea
998 2879 1033 2935 de
1054 2897 1086 2936 re
1108 2878 1319 2938 sententiarum
1340 2881 1398 2939 dis-

382 2961 543 3037 crepantia,
574 2960 808 3038 quandoquidem
830 2961 878 3018 alii
900 2982 967 3020 eum
989 2962 1064 3019 circa
1077 2962 1147 3020 belli
1160 2963 1398 3039 Peloponnesiaci

381 3045 467 3103 initia
487 3045 620 3104 habitum
641 3064 704 3103 esse
725 3046 896 3117 voluerunt,
919 3046 969 3103 alii
991 3067 1058 3104 eum
1078 3048 1257 3107 rettulerunt
1277 3050 1339 3109 fere
1361 3051 1397 3109 ad

381 3130 461 3188 illius
483 3130 603 3201 exitum,
625 3130 749 3208 denique
764 3130 852 3188 etiam
868 3131 1044 3190 exstiterunt
1064 3132 1115 3209 qui
1129 3132 1156 3190 ei
1171 3132 1301 3191 medium
1321 3134 1398 3194 inter

380 3219 538 3293 utrumque
558 3219 672 3291 tempus
699 3215 856 3273 terminum
875 3215 1064 3290 assignarent
1099 3217 1176 3274 Nam
1196 3221 1397 3292 Augustus

381 3300 498 3378 quidem
532 3299 747 3358 Boeokhiua
784 3300 816 3357 in
852 3319 974 3359 censura
1007 3301 1142 3360 editionis
1170 3302 1396 3363 Heindorfiauae

380 3385 488 3444 Diariis
515 3385 651 3444 Litteras.
680 3385 853 3443 Ienensibus
881 3385 951 3442 anni
983 3389 1072 3443 1808.
1101 3387 1151 3444 fol.
1183 3388 1250 3446 176.
1286 3387 1397 3448 inserta

380 3489 541 3528 sermonem
560 3470 651 3528 refert
672 3470 708 3526 ad
729 3469 852 3545 primam
873 3469 996 3544 Gorgiae
1016 3471 1192 3545 legationem
1213 3471 1328 3550 Olymp.
1348 3479 1396 3531 88.

381 3573 406 3610 a.
430 3560 458 3611 2.
486 3575 526 3606 =
556 3555 614 3611 427
647 3573 671 3610 a.
699 3553 765 3610 Ghr.
795 3574 823 3612 n.
852 3554 935 3613 iussu
961 3555 1184 3629 leontinorum,
1212 3557 1396 3632 popularium

381 3658 511 3708 suorum,
540 3639 673 3696 Athenas
699 3645 870 3715 susceptam.
914 3639 968 3697 Gui
996 3640 1158 3699 sententiae
1186 3661 1282 3718 nuper
1308 3643 1396 3702 etiam

382 3723 603 3800 Sybrandus
630 3722 675 3779 De
704 3721 811 3797 Gorgia
839 3724 913 3781 Plat.
940 3745 967 3799 p.
992 3730 1010 3781 4
1038 3745 1127 3803 seqqa
1156 3726 1396 3800 Voegelinus

382 3809 447 3865 Act.
469 3806 571 3866 Societ.
601 3805 699 3864 Graec.
722 3807 800 3883 Lips.
823 3809 854 3866 T.
870 3809 894 3865 Ι.
916 3809 998 3866 Pasa.
1023 3810 1075 3868 IV.
1096 3830 1125 3884 p.
1148 3814 1209 3868 234
1231 3829 1311 3889 seqq.
1334 3811 1396 3870 alii-

382 3911 440 3970 que
460 3892 503 3950 ita
523 3890 676 3964 suffragati
696 3897 773 3963 sunt,
795 3898 830 3950 ut
850 3912 914 3950 eam
936 3894 1007 3951 adeo
1027 3894 1147 3953 uberius
1166 3894 1315 3954 illustrare
1337 3903 1396 3956 stu·

379 3975 505 4034 duerint.
561 3975 623 4032 Nec
651 3980 750 4034 tamen
778 3995 812 4033 ea
844 3976 918 4035 ratio
954 3978 1040 4053 plane
1068 3980 1190 4054 probata
1217 3984 1262 4039 est
1291 3980 1397 4041 criticis

380 4060 596 4119 recentioribus.
638 4059 715 4117 Nam
736 4060 811 4118 Gar.
835 4061 953 4138 quidem
974 4063 1228 4123 Steinhartus
1248 4085 1345 4142 nuper
1365 4066 1395 4124 in

379 4146 509 4219 Prolegg.
531 4144 764 4219 interpretationi
792 4145 865 4221 Opp.
887 4147 961 4205 Plat.
983 4147 1169 4207 Germanicae
1191 4150 1228 4207 ab
1249 4149 1395 4209 Hieron

379 4231 547 4288 Miillero
574 4229 668 4287 factae
689 4230 853 4305 praemissis
874 4231 938 4289 Vol.
960 4232 1001 4290 H.
1028 4254 1055 4308 p.
1079 4237 1165 4305 393„
1195 4233 1252 4292 etsi
1280 4235 1396 4294 omnino

381 4315 416 4371 de
437 4315 528 4389 primo
549 4315 599 4372 illo
614 4314 737 4389 Gorgiae
758 4315 789 4372 in
804 4311 955 4374 Graeciam
977 4319 1106 4377 adventu
1128 4318 1314 4392 cogitandum
1334 4340 1396 4380 esse

380 4398 514 4473 largitur,
543 4405 641 4461 tamen
669 4400 732 4460 fieri
760 4400 832 4459 item
857 4421 941 4478 posse
962 4403 1090 4483 censuit,
1119 4408 1154 4464 ut
1174 4403 1396 4489 intelligendum
