3242 5259
358 589 419 642 224
771 584 967 645 PLATONIS

274 751 334 816 491
360 765 463 827 ΚΑΛ.
495 762 550 845 Νὴ
578 763 654 837 τοὺς
682 765 796 842 θεούς,
825 765 1018 846 ἄτεχνοὸςνε
1038 763 1085 826 olei
1107 761 1245 839 σκυτέας
1267 765 1367 831 τεκαὶ

358 857 502 942 κναφέας
529 857 583 923 καί
610 861 784 942 μαγείρους
803 857 906 942 λέγων
925 861 979 925 καὶ
1000 860 1130 941 ίατροίις
1150 857 1250 928 οὐδὲν
1270 866 1367 942 παύει,

359 958 402 1032 ὡς
422 956 632 1037 περὶτούτων
652 959 729 1041 ἡμῖν
751 963 830 1022 ὄντα
849 954 907 1036 τὸν
928 960 1036 1040 λόγον.
1079 961 1154 1022 >ite
1178 957 1315 1026 Οὐκοῦν
1333 964 1368 1027 σὺ

359 1055 446 1135 ἐρεῖς,
468 1059 541 1135 περὶ
559 1056 657 1118 τίνων
677 1054 696 1118 ὁ
715 1057 868 1136 κρείττων
888 1079 920 1120 τε
941 1059 994 1121 καὶ
1015 1051 1257 1140 φρονιμώτερος
1278 1058 1369 1124 πλέον

358 1150 438 1236 ἔχων
469 1154 599 1227 δικαίως
626 1157 824 1229 πλεονεκτεῖς
859 1153 880 1235 ’ἢ
919 1158 992 1217 οὔτε
1023 1153 1103 1233 ἐμοῦ
1129 1155 1369 1238 ὖποβοίλλοντος

358 1251 459 1330 οίνέξει
481 1247 549 1314 οὔτ’
582 1246 680 1324 αὐτὸς
710 1249 806 1331 ἐρεῖς,·
845 1250 947 1314 ΚᾹΛ.
975 1245 1059 1314 Ἀλλ’
1080 1249 1180 1334 ἔγωγε
1202 1253 1257 1318 καὶ
1278 1258 1369 1320 πάλαι

357 1350 448 1433 λέγω.
469 1354 599 1431 πρῶτον
620 1347 679 1430 μὲν
699 1349 775 1424 τοὺς
794 1350 965 1429 κρείττους,
998 1350 1034 1413 οἵ
1050 1351 1138 1427 είσιυ,
1160 1345 1203 1415 οὐ
1223 1355 1368 1417 σκυτοτό-

307 1454 336 1518 Β
358 1471 441 1529 μους
461 1446 542 1529 λέγω
558 1439 632 1510 οὐδὲ
650 1448 831 1529 μαγείρους,
854 1443 918 1511 ἀλλ’
939 1449 971 1511 οἳ
990 1447 1031 1510 ἂν
1052 1448 1096 1522 είς
1115 1449 1154 1512 τὰ
1175 1459 1233 1532 τῆς
1254 1453 1370 1525 πόλεως

358 1548 528 1627 πράγματα
548 1547 702 1626 φρόνιμοι
723 1537 816 1621 ὦσιν,
847 1539 957 1609 ὅντινα
978 1545 1019 1609 ἂν
1038 1547 1161 1626 τρόπον
1183 1541 1220 1610 εὖ
1242 1550 1368 1624 οἰκοῖτο,

357 1641 474 1725 καὶμὴ
495 1643 598 1723 μόνον
618 1643 779 1724 φρόνιμοι,
801 1643 881 1707 atat
902 1646 954 1707 καὶ
976 1644 1126 1725 ἀνδρεῖοι,
1156 1644 1265 1709 ἱκανοί
1287 1649 1369 1720 ὄντες

359 1729 620 1822 συννοήσαντα
641 1739 801 1819 ἐπιτελεῖν,
832 1741 885 1805 καὶ
906 1739 950 1823 μὴ
971 1742 1257 1823 οίποκιίμυωσιίιὰ
1278 1749 1368 1826 μαλα-

358 1837 432 1902 κίαν
452 1847 565 1920 ψυχῆς.

422 1937 502 2026 Cep.
526 1937 648 2002 XLVI.
693 1938 770 1998 Zfd.
800 1933 914 2019 Ὁρᾷς,
953 1924 979 1998 sd
1008 1933 1146 2016 βέλτιστε
1177 1938 1368 2013 Καλλίκλεις,

407 2160 437 2208 P.
454 2156 513 2208 491.
548 2152 687 2220 ἀτεχνῶς
709 2172 743 2222 γε
761 2151 828 2221 ἀεὶ]
856 2155 944 2205 Clark.
962 2150 1082 2218 α’τέχνωο,
1101 2155 1171 2219 quod
1189 2163 1317 2220 sequutus
1332 2164 1367 2207 est

358 2225 624 2286 Schleiermeeherus3
643 2225 688 2274 sed
705 2241 730 2274 v.
747 2224 824 2272 infra.

408 2295 437 2343 B.
473 2292 523 2343 διὰ
547 2295 710 2353 μαλακίαν
734 2289 852 2356 ψυχῆς]
882 2290 1027 2340 Articulum
1045 2295 1088 2356 τῆς
1111 2290 1193 2356 vulgo
1211 2297 1274 2342 ante
1290 2298 1367 2358 ψυχῆς

357 2360 500 2427 praefixum
511 2372 572 2412 om.
595 2362 661 2411 Vsu.
681 2361 734 2411 ΞΣ.
760 2358 838 2408 Vind.
856 2357 880 2408 1.
897 2357 922 2409 6.
940 2356 963 2409 7.
987 2360 1044 2408 Par.
1062 2359 1093 2408 V.
1116 2359 1188 2409 Flor.
1205 2358 1233 2411 b.
1250 2377 1276 2410 x.
1298 2361 1365 2413 Bodl.

358 2433 425 2496 Aug.
442 2431 556 2492 Meerm,
574 2445 639 2494 quos
656 2435 738 2478 certas
755 2426 880 2491 quasdam
897 2425 930 2476 ob
949 2441 1056 2477 caussas
1073 2426 1295 2491 sequutisnruus.

408 2493 483 2549 ἀλλὰ
509 2497 581 2547 τοτὲ
604 2498 663 2557 μὲν
689 2516 706 2547 τ.
730 2494 771 2561 fl]
801 2495 845 2544 sie
869 2494 940 2546 codd.
964 2495 1054 2560 optimi
1076 2497 1175 2560 quique
1199 2512 1248 2561 pro
1266 2497 1366 2562 vulgato

358 2565 426 2626 ποτὲ,
445 2566 497 2617 nisi
515 2565 583 2631 quod
600 2565 704 2630 plurimi
722 2562 778 2613 τότε
794 2563 929 2614 exhibent.

359 2767 468 2817 eadem
497 2767 596 2816 dieis!
631 2766 756 2830 Exempla
784 2765 837 2816 eol·
887 2765 1019 2815 Phaedon.
1038 2782 1063 2831 p.
1076 2763 1132 2818 109.
1147 2767 1182 2816 D.
1199 2767 1366 2818 Matthiae.

358 2835 422 2901 legit
438 2834 608 2884 Heindorf.
627 2833 699 2883 adh.
719 2836 736 2882 1.
761 2834 835 2884 Gouf.
889 2835 933 2883 Gr.
951 2835 974 2894 ἓ.
992 2833 1050 2884 565.
1068 2831 1093 2884 3.

359 2903 426 2952 infre
443 2918 467 2967 p.
482 2900 540 2952 521.
554 2901 582 2950 O.
610 2902 649 2949 De
666 2903 793 2950 sententia
810 2918 836 2950 v,
926 2897 1059 2952 Οὐκοῦν
1075 2897 1113 2951 οὐ
1129 2899 1232 2969 ἐρεῖς]
1246 2904 1366 2952 Futurum

358 2969 500 3033 Xenoph.
519 2970 597 3019 Mem.
616 2969 659 3028 lV,
676 2966 701 3030 4,
718 2967 740 3019 6.
773 2970 837 3018 Post
888 2969 1040 3020 cohortandi
1050 2975 1077 3020 et
1087 2970 1234 3034 imperandi
1248 2978 1366 3037 potestate

363 3034 401 3087 Οὐ
432 3035 515 3098 μόνον
539 3053 568 3102 γε
597 3035 727 3101 intelligas
759 3033 837 3086 ταύτὰ
887 3039 1007 3103 positum.
1023 3031 1364 3104 v.adSymp0s'.p.172.s

359 3105 436 3170 λέγω,
459 3121 509 3154 nsu
530 3105 672 3169 frequenti,
694 3104 725 3154 de
743 3121 793 3169 quo
811 3121 835 3154 v.
887 3105 987 3156 Deinde
1004 3122 1050 3170 pro
1068 3105 1130 3169 περὶ
1149 3109 1232 3155 τίνων
1247 3135 1281 3145 -
1294 3106 1366 3156 πλέον

357 3173 389 3223 ed
406 3172 537 3222 Phaedon.
554 3190 577 3238 p.
598 3169 654 3223 107.
672 3173 700 3222 Β.
888 3174 953 3236 ἔχων
965 3174 1080 3239 vulgaris
1092 3173 1218 3238 loquendi
1229 3177 1296 3227 ratio
1310 3175 1363 3239 περί

391 3236 419 3290 P.
432 3238 490 3291 491.
515 3238 564 3307 Νὴ
583 3236 657 3292 τοὺς
675 3237 777 3292 θεούς
793 3239 835 3306 -]
888 3244 945 3291 τίνα
962 3242 1089 3307 exigebat
1114 3242 1299 3294 Proximorum
1316 3259 1365 3293 ver·

356 3312 396 3360 De
413 3310 463 3358 hoo
480 3309 593 3359 Socratis
603 3316 692 3370 more,
715 3309 760 3372 qui
776 3308 836 3373 plus
887 3311 978 3358 borum
1008 3309 1137 3360 sententia
1161 3310 1229 3362 haee
1253 3319 1303 3363 est:
1329 3327 1363 3362 ιο

355 3379 382 3428 in
397 3393 502 3428 recessu
518 3376 639 3438 habebat,
657 3391 734 3440 quam
752 3376 836 3425 fronte
887 3393 994 3441 neque
1033 3393 1081 3427 me
1120 3378 1153 3427 id
1194 3379 1264 3430 tibi
1297 3379 1364 3432 sub-

354 3447 525 3513 promitteret,
547 3461 571 3494 v.
594 3445 712 3510 Sympos.
734 3460 760 3508 p.
777 3441 836 3493 221.
887 3446 990 3496 iieere
1030 3446 1224 3512 permittes,
1265 3464 1362 3514 neque

356 3517 387 3564 D.
405 3515 436 3563 Ε.
462 3514 537 3562 Χοο.
560 3514 638 3562 Mem.
658 3513 678 3575 Ι,
696 3509 725 3572 2,
743 3509 783 3562 37.
803 3540 834 3549 -
886 3513 956 3578 ipse
974 3513 1083 3564 dices?

355 3579 498 3646 ἀτεχνῶς
530 3579 573 3628 hio
602 3581 655 3629 fere
683 3579 751 3628 idem
778 3595 835 3628 esse
919 3576 992 3630 Ἀλλ’
1034 3581 1141 3647 ἔγωγε
1181 3581 1236 3631 καί
1273 3580 1362 3632 πάλαι

355 3645 531 3716 quoddaleis,
547 3648 616 3697 sine
631 3649 835 3712 exceptione,
887 3647 983 3714 λέγω]
1011 3649 1111 3699 callide
1135 3664 1163 3697 se
1186 3650 1295 3701 simulat
1311 3648 1362 3699 Gel-

355 3732 506 3784 prorsus,
541 3715 629 3765 dosuit
658 3715 833 3765 Heindorf.
885 3716 1363 3781 lielesea,quuenunedioturusest,

356 3785 388 3836 ad
406 3784 519 3850 Sophist.
537 3799 561 3848 p.
572 3780 630 3832 411.
643 3785 665 3843 9.
678 3782 719 3833 88.
745 3783 835 3832 Obiter
885 3783 936 3833 iam
955 3791 1031 3835 antea
1047 3784 1158 3846 dixisse,
1185 3801 1268 3850 quum
1285 3792 1362 3836 tamn

355 3853 457 3904 notabis
480 3851 601 3902 dictionis
625 3851 750 3915 speeiem:
781 3846 833 3900 ἀεὶ
885 3852 964 3918 louge
987 3853 1040 3902 alia
1056 3855 1229 3917 proposuerit:
1264 3853 1362 3904 Orditur

355 3915 621 3987 λέγων-οὐδὲν
640 3914 745 3968 παύει.
776 3920 834 3968 Pot·
886 3927 974 3969 autem
996 3935 1139 3970 sermonem
1156 3921 1246 3971 verbis
1264 3927 1361 3986 πρῶτον

355 3995 410 4039 erat
440 3989 512 4038 euim¹
537 3983 583 4053 οίεί
607 3987 681 4036 salva
707 3988 835 4036 sententia
887 3986 945 4047 μέν,
973 4003 1052 4052 quum
1073 3989 1152 4039 stiam
1169 3987 1264 4040 dooere
1282 3988 1361 4050 vellet,

354 4057 445 4106 omitti.
472 4056 542 4105 Cave
553 4061 639 4104 tamen
656 4053 835 4119 pleonasmum
888 4055 948 4119 περὶ
961 4051 1063 4105 τίνωνό
1078 4053 1279 4121 φρονιμώτερος
1289 4055 1361 4107 πλέον

355 4141 410 4176 esse
443 4123 582 4189 putaveris.
633 4121 731 4171 Eodem
758 4121 834 4171 modo
886 4123 952 4186 ἔχων
971 4121 1076 4175 δικαίως
1094 4126 1251 4176 πλεονεκτεῖ.
1285 4125 1361 4176 Sede

354 4194 457 4257 iufrep.
470 4189 527 4242 bll.
540 4192 574 4240 C:
593 4186 676 4239 οὐδὲν
694 4185 834 4249 παυόμεθα
886 4191 989 4241 Socrate
1023 4191 1205 4255 interpellatus
1244 4192 1361 4245 annonis

355 4260 394 4313 είς
418 4258 444 4310 τί
467 4256 530 4309 αὐτὸ
548 4255 598 4308 ἀεί
619 4253 833 4321 περιφερόμενοι.
885 4275 987 4308 cursum
999 4258 1360 4323 nonpersequitur.-1ois

356 4329 473 4392 Denique
491 4322 526 4380 ωἰ.ἱ
550 4355 580 4364 -
605 4323 668 4376 ὅντα
690 4324 736 4375 τὸν
754 4326 834 4393 λόγον
885 4329 1074 4389 κρείττονε,
1093 4327 1131 4375 οῖ’
1144 4325 1253 4387 εἰσιν,
1271 4328 1358 4379 dietum

356 4394 457 4446 abunde
487 4395 655 4446 illustrabunt
683 4402 770 4446 annot.
800 4396 832 4446 ad
884 4401 922 4444 est
955 4409 1014 4444 eum
1048 4394 1213 4446 abundantis
1246 4394 1360 4461 quedem,
