3242 5259
403 602 460 657 ιιι
791 583 1006 658 γντετοειε

348 763 380 827 D
402 762 487 844 λόγῳ
508 758 668 844 ἐπιλαβοῦ,
698 762 725 824 ει’
751 761 814 843 γὰρ
842 760 905 844 ἐγὼ
932 760 967 827 ἐν
987 763 1091 844 α’γορρῖ
1110 763 1281 846 τλήθούοή
1300 762 1405 844 λαβὼν

398 858 461 923 ὑπὸ
490 863 591 941 μάλης
620 858 805 943 ἐγχειρίδιον
834 860 954 943 λέγοιμι
983 861 1064 942 πρὸς
1091 856 1140 937 σὲ,
1170 853 1219 923 ὅτι
1239 848 1281 923 Ὦ
1305 865 1404 938 Πῶλε,

400 956 469 1041 ἐμοὶ
498 958 632 1041 δύναμίς
662 981 708 1033 τις
735 959 788 1022 καὶ
816 957 968 1037 τυραννὶς
993 958 1160 1040 θαυμασία
1184 961 1256 1039 ἄρτι
1277 957 1403 1042 προςνέ-

398 1077 510 1140 γονεν·
544 1055 601 1121 ἐὰν
628 1056 691 1139 γὰρ
719 1060 781 1139 α”ρα
810 1055 880 1140 ἐμοὶ
910 1057 986 1140 δόξῃ
1012 1057 1084 1120 τινὰ
1111 1056 1248 1120 τουτωνὶ
1268 1061 1334 1121 τῶν
1354 1058 1403 1121 α’ν-

398 1155 541 1234 θρώκων
558 1143 605 1219 ὧν
620 1153 661 1218 σὺ
677 1155 755 1237 δρᾷς
771 1155 885 1218 αὐτίκα
899 1157 983 1237 μάλα
997 1154 1065 1218 δεῖν
1079 1157 1243 1231 τεθνάναι,
1265 1156 1405 1238 τεθνήξει

399 1244 504 1331 οὗτος,
527 1250 566 1316 ὃν
587 1253 628 1316 διν
648 1253 741 1335 δόξή’
771 1257 834 1318 κᾶν
854 1276 925 1316 τινα
945 1253 1020 1336 δόξῃ
1040 1263 1172 1336 μοι-τής
1191 1259 1334 1336 κεφαλῆς
1354 1256 1404 1318 αὐ-

398 1355 463 1414 τῶν
483 1349 669 1434 κατεαγέναι
690 1353 773 1430 δεῖν,
801 1351 961 1433 κατεαγὼς
981 1348 1068 1415 ἔσται
1088 1352 1202 1416 αὐτίκα
1223 1352 1318 1433 μάλα,
1347 1353 1405 1417 κᾶν

399 1448 570 1530 θοίμάτιον
585 1450 769 1530 διεοχίσθαι,
791 1445 1126 1532 διεσχιομένονθοται·
1147 1448 1232 1514 οὕτω
1246 1446 1330 1532 μέγα
1346 1448 1403 1533 ἐγὼ

348 1546 378 1610 Ε
401 1548 541 1629 δύναμαι
570 1546 604 1611 ἐν
631 1549 703 1632 τήδε
728 1559 766 1631 τή
796 1550 900 1613 πόλει·
930 1549 956 1611 εἰ
984 1542 1045 1611 οὖν
1065 1549 1255 1612 οἷκιοτοῠντί
1275 1562 1327 1612 σοι
1348 1550 1403 1613 δεί-

399 1646 484 1727 ξαιμι
510 1647 546 1709 τὸ
575 1643 775 1729 ἐγχειρίδιον,
803 1647 880 1721 ἴσως
901 1645 942 1709 διν
963 1646 1064 1720 εἴποις
1083 1644 1178 1722 ἰδὼν,
1209 1641 1259 1709 ὅτι
1275 1635 1317 1710 Ὦ
1339 1648 1403 1711 Σθ

311 1774 315 1787 ·
398 1766 524 1826 κρατες,
554 1744 638 1809 οὕτω
664 1743 722 1827 μὲν
750 1746 866 1819 πάντες
896 1744 938 1808 διν
963 1742 1043 1827 μέγα
1065 1745 1232 1822 δύναιντο,
1261 1743 1328 1809 ἐπεὶ
1348 1746 1405 1811 κᾶν

399 1841 596 1926 ἐμπρήσθείη
625 1845 709 1908 οἰκία
736 1845 842 1925 τούτῳ
866 1846 912 1930 τῷ
930 1845 1040 1928 τρόπῳ
1059 1838 1160 1926 ἥντιν’
1180 1847 1222 1907 ἄν
1243 1857 1295 1907 σοι
1316 1846 1404 1927 δοκῇ,

399 1941 452 2004 καὶ
479 1943 518 2005 τά
546 1964 581 2023 γε
605 1936 787 2024 Ἀθηναίων
814 1943 931 2023 νεώρια
950 1941 1003 2006 καὶ
1022 1943 1159 2025 τριήρεις
1178 1941 1233 2005 καὶ
1252 1941 1292 2007 τδι
1313 1949 1404 2007 πλοῖα

398 2041 502 2104 τιιέντα
526 2040 580 2104 καὶ
606 2040 646 2104 τὰ
675 2040 811 2123 δημόσια
837 2039 949 2104 καὶτὰ
969 2040 1044 2104 ἴδια.
1074 2034 1137 2104 ἀλλ’
1160 2041 1221 2105 οὐκ
1240 2044 1306 2122 ἄρα
1325 2034 1405 2106 τοῦτ’

450 2255 489 2318 τῷ
507 2247 591 2318 λόγῳ
610 2249 785 2319 ἐπιλαβοῦ]
803 2249 923 2301 Budaeus
933 2251 1105 2301 Commentar.
1118 2250 1195 2316 Ling.
1210 2251 1304 2302 Graec.
1317 2268 1342 2318 p.
1352 2250 1406 2304 290.

398 2326 423 2370 et
445 2320 585 2371 Gomarius
608 2320 675 2369 ooni.
691 2325 743 2369 τῶν
760 2317 858 2387 λόγων,
883 2318 1007 2384 probante
1024 2318 1188 2382 Heindorfio,
1212 2320 1259 2370 sed
1278 2336 1303 2370 v.
1323 2326 1406 2371 annot

397 2389 455 2439 Par.
473 2390 506 2439 V.
523 2393 569 2437 τοῦ
586 2385 664 2468 λόγον
683 2403 761 2453 supra
778 2403 890 2438 versum.

448 2458 480 2506 D.
517 2457 672 2523 τεθνήξει
697 2450 809 2522 οὗτοι]
842 2442 886 2506 sic
912 2471 972 2505 oum
994 2454 1081 2504 Clark.
1105 2462 1131 2505 et
1154 2455 1311 2515 Vat.,codd.
1334 2457 1408 2523 pleri·

398 2541 447 2590 que
465 2541 562 2575 omnes.
595 2526 666 2575 Vett.
683 2524 753 2575 editt
772 2521 931 2590 τεθνήξεται.
947 2538 973 2573 τ.
989 2523 1099 2588 interpp.
1116 2523 1232 2574 Thomae
1250 2525 1323 2591 Mag.
1339 2527 1367 2575 in
1383 2542 1407 2576 v.

398 2592 555 2656 τεθνξεται.

449 2613 502 2727 dds
520 2679 554 2711 κε
563 2662 645 2726 pair]
652 2678 664 2713 ε
682 2657 765 2712 αὐτῶ
773 2659 796 2727 ν]
815 2662 874 2710 Ρετ.
885 2660 914 2709 Ε.
926 2676 976 2710 reo
988 2655 1035 2724 τὴν
1045 2655 1168 2724 κεφαλήν.
1178 2660 1237 2710 'Pro
1250 2660 1407 2728 κατεαγέναι,

399 2853 493 2918 δόξῃ,
522 2855 568 2902 int.
592 2850 719 2903 τεθνάναι
737 2853 802 2903 δεῖν.
837 2855 878 2903 De
929 2870 954 2903 v.
976 2849 1048 2915 591,
1081 2852 1126 2918 qui
1158 2854 1272 2904 activam
1300 2855 1408 2907 formam

398 2925 484 2973 futuro
502 2917 637 2987 τεθνήξει,
662 2921 730 2985 quod
746 2923 773 2971 in
790 2921 877 2972 losum
928 2921 1010 2971 veteri
1027 2921 1137 2972 dialecto
1155 2922 1258 2972 Atticae
1275 2924 1409 2975 vindioare

399 2992 496 3042 formae
523 2991 607 3055 magis
635 2990 810 3054 frequentatae
838 3006 876 3039 τε·
929 2989 1035 3040 studuit.
1053 2990 1201 3040 Formulem
1212 2991 1409 3060 κατεαγέναι

399 3057 522 3126 θνήξεται
532 3058 720 3118 substituimus,
731 3074 756 3108 v.
764 3058 877 3110 Matth.
929 3063 981 3124 τῆε
994 3060 1136 3125 κεφαλῆς
1147 3057 1289 3110 illustravit
1298 3061 1407 3110 Maron

400 3128 444 3178 Gr.
468 3127 544 3192 ampl.
568 3127 599 3176 T.
617 3128 636 3179 I.
660 3143 685 3191 p.
703 3124 760 3178 465.
784 3132 809 3176 et
833 3127 877 3190 qui
928 3129 952 3187 ὅ.
969 3123 1027 3177 338.
1046 3133 1133 3176 annot.
1166 3128 1207 3176 De
1229 3127 1314 3178 forma
1335 3128 1409 3179 verbi

398 3196 436 3246 ibi
448 3195 594 3245 laudantur.
619 3194 716 3245 Ineod.
733 3196 816 3245 Paris.
835 3194 878 3243 ad·
927 3209 952 3242 v.
982 3193 1089 3244 eundem
1120 3195 1262 3246 Grammat.
1292 3197 1410 3262 amplior.

399 3265 535 3328 seriptum:
560 3259 728 3346 ἐνεργητικὸν
751 3258 809 3313 ἀντὶ
829 3280 876 3311 πα·
927 3263 996 3313 Τ.Ι.
1018 3279 1042 3327 p.
1059 3259 1118 3313 429.
1150 3263 1237 3329 Vulgo
1261 3264 1332 3314 enim
1354 3282 1410 3331 per·

399 3333 508 3398 θητικοῦ
527 3333 721 3397 τεθνήξεται
738 3343 876 3393 καινοπρε-
926 3346 1013 3396 peram
1030 3335 1191 3396 κατεαγῆναι.

355 3432 357 3440 ι
399 3398 876 3465 πῶεπαρελήφθη.Τ111οτεο111οε
961 3400 992 3449 E.
1018 3395 1251 3465 καὶτριήρειε]
1269 3399 1409 3453 Desideras

400 3470 512 3519 Gramm.
527 3484 551 3533 p.
562 3466 620 3518 513.
637 3468 676 3518 ed.
691 3468 737 3517 ΠΙ.
756 3463 877 3532 τεθνήξει
928 3467 1066 3517 articulum
1083 3465 1192 3531 ideoque
1215 3482 1276 3517 eum
1293 3468 1409 3520 Sohae-

397 3537 478 3587 futuri
500 3537 589 3602 primi,
619 3532 769 3601 τεθνήξεται
791 3541 877 3584 autem
927 3537 996 3585 fero
1019 3534 1051 3585 ad
1074 3534 1195 3600 Apellen.
1217 3534 1301 3589 Rhod.
1325 3538 1358 3587 Τ.
1376 3539 1410 3589 11.

398 3606 478 3656 futuri
504 3606 573 3654 tertii
595 3607 647 3654 vim
671 3608 697 3654 et
713 3602 877 3669 significatio·
926 3620 951 3669 p.
969 3600 1027 3654 164.
1044 3602 1208 3660 scribendum
1227 3609 1302 3668 putes
1321 3607 1364 3654 sal
1383 3607 1412 3656 αι’

398 3689 457 3724 nem
484 3672 580 3725 habere
610 3671 756 3723 arbitratur.
801 3670 876 3735 Quod
927 3668 1045 3736 τριήρειε.
1063 3670 1170 3721 Addidit
1180 3671 1320 3722 artionlum
1330 3675 1410 3725 etiem

398 3743 534 3792 discrimen
558 3742 580 3791 si
597 3757 685 3790 verum
704 3745 755 3802 est,
781 3736 875 3804 τεθνή-
928 3740 1057 3790 Coraes.
1092 3740 1230 3790 Deiectum
1246 3746 1333 3791 tamen
1352 3745 1409 3793 eins

336 3814 340 3821 ‘
399 3811 467 3874 ξεται
490 3810 533 3860 vel
555 3815 657 3875 propter
678 3810 796 3874 proxima
818 3809 876 3868 ista,
927 3823 1051 3858 excusare
1089 3813 1196 3858 conatus
1234 3815 1275 3859 est
1308 3809 1410 3862 Bern-

398 3877 528 3945 κατεαγδε
556 3878 625 3927 ἔσται
652 3881 679 3925 et
701 3875 877 3940 διεοχιομὲνον
927 3875 1032 3941 hardy
1055 3875 1200 3942 syntaxeos
1221 3891 1246 3941 p.
1269 3874 1328 3928 318.
1365 3880 1409 3930 Ni-

398 3949 477 4005 δοται,
494 3945 655 3996 retinendum
672 3945 728 3994 erit
756 3943 807 3995 Sed
824 3959 877 3992 non
927 3945 1020 3994 mirum
1033 3939 1062 3994 τὰ
1075 3942 1171 4008 νεώρια
1183 3948 1208 3994 et
1224 3941 1339 4010 τριήρεις
1357 3964 1409 3998 nou

396 4023 518 4083 putamus
538 4015 621 4062 virum
639 4014 772 4078 egregium
788 4027 878 4062 vemm
927 4020 957 4062 ut
969 4013 1070 4062 diversa
1081 4013 1268 4075 discernuntur,
1287 4013 1332 4064 sed
1345 4021 1410 4066 tam·

397 4084 503 4146 vidisse,
520 4081 726 4147 quandoquidem
744 4081 821 4131 etiam
840 4098 877 4129 τε·
928 4097 1005 4146 quam
1016 4097 1096 4131 unum
1110 4080 1232 4147 quiddam
1250 4089 1409 4148 spectantur,

399 4150 493 4219 θνήξει
526 4166 558 4201 ea
588 4149 776 4216 significatione
805 4164 877 4198 usur·
929 4150 991 4214 quia
1023 4149 1052 4198 in
1079 4148 1218 4200 navalibus
1246 4150 1408 4203 Athenarum

399 4226 487 4284 patui,
510 4225 540 4269 nt
562 4219 608 4269 sit:
636 4225 782 4269 mortuus
805 4218 878 4278 erit,
929 4224 997 4268 stare
1018 4219 1134 4268 triremes
1157 4217 1285 4269 solebant
1331 4220 1409 4272 Xen.

399 4287 425 4335 h.
447 4303 469 4337 e.
497 4290 611 4338 statim
637 4286 879 4339 interficietur.
928 4284 1165 4348 H011.1v,4,19:
1186 4283 1363 4355 τὰεεριήρειε
1381 4288 1408 4340 ἐκ

400 4371 425 4402 v.
448 4356 573 4405 Dewes.
597 4356 707 4406 Miscell.
731 4373 756 4421 p.
781 4352 821 4404 96.
854 4359 880 4402 et
930 4360 981 4405 τῶν
998 4357 1118 4418 νεωρίων
1132 4350 1324 4418 ἐξελκύσαντες.
1345 4357 1408 4408 Inde

400 4422 549 4474 Elmslei.
568 4423 600 4473 ad
618 4424 747 4490 Aristoph.
766 4423 879 4473 Aeliam.
930 4423 1004 4473 Plato
1023 4422 1103 4474 Oritia
1121 4420 1178 4476 117.
1196 4424 1234 4472 D:
1267 4420 1297 4474 τὰ
1314 4424 1409 4492 νεώρια
