3242 5259
517 591 699 652 GORGIAS
721 593 754 653 P.
778 596 942 650 504.’505.
964 592 1009 650 ed.
1032 591 1075 650 st.
1237 592 1296 650 271

284 777 320 836 γε
340 757 401 818 τὸν
420 755 549 819 δίκαιον
575 756 684 836 λόγον,
711 755 765 818 5555
786 750 935 829 5'55555505
962 751 1027 817 ἐστι
1046 762 1165 828 ταῦτα,·
1195 757 1298 818 KAA.
1321 757 1384 822 505

275 849 398 916 ’.Εστω
441 855 512 916 ΣΩ.
538 853 587 915 05
608 856 679 935 γάρ,
702 847 807 931 οἶμαι,
836 857 992 916 λυσιτελεῖ
1018 851 1096 932 μετὰ
1117 853 1301 970 μοχθηρίας

284 952 431 1035 σώματος
452 954 510 1033 ζῆν
531 951 713 1034 ἀνθρώπῳ·
736 951 860 1032 ἀνάγκη
882 950 943 1032 γὰρ
968 949 1051 1015 οὕτω
1074 949 1128 1014 καὶ
1157 953 1215 1032 ζῆν
1244 973 1299 1032 μο-

283 1053 425 1131 χθηρῶς.
453 1046 475 1130 5
502 1050 561 1131 οὐχ
582 1047 683 1123 οὕτως
721 1051 826 1113 KAA.
857 1049 935 1111 Ναί.
977 1050 1054 1112 ΣΩ.
1089 1047 1220 1112 Οὐκοῦν
1247 1051 1300 1110 καὶ

282 1147 340 1222 τὰς
362 1146 536 1264 ἐπιθυμίας
551 1148 804 1228 ἀποπιμπλάναι,
828 1140 900 1210 οἷον
915 1149 1073 1210 πεινῶντα
1089 1150 1206 1226 φαγεῖν
1221 1139 1300 1208 ὅσον

284 1240 485 1327 βούλεται
470 1240 492 1326 5
520 1246 664 1321 διψῶντα
692 1250 794 1321 πιεῖν,
832 1245 1020 1325 ὑγιαίνοντα
1050 1243 1109 1326 μὲν
1144 1242 1239 1306 ἐῶσιν
1270 1243 1302 1306 05

284 1343 434 1424 ἰατροὶ
412 1367 455 1417 ως
476 1343 515 1405 τὰ
536 1344 657 1417 πολλοί,
679 1344 844 1424 ιιάμνοντα
865 1340 961 1421 δέ,
939 1366 983 1417 ως
1003 1340 1079 1416 ἐπος
1099 1342 1218 1411 εἰπεῖν,
1247 1342 1301 1405 05-

283 1437 388 1506 555505’
412 1441 507 1505 ἐῶσιν
528 1439 777 1522 ἐμπίπλασθαι
762 1464 809 1504 ων
830 1440 997 1522 ἐπιθυμεῖς
1018 1445 1192 1522 συγχωρεῖς
1205 1440 1300 1502 τοῦτό

282 1563 319 1622 γε
350 1539 404 1604 καὶ
432 1542 492 1615 σύ,
528 1542 632 1601 ΚΑΛ.
653 1533 791 1621 ”.Εγωγε
835 1542 913 1604 255.
943 1537 1023 1618 Περὶ
1051 1536 1086 1601 55
1115 1539 1241 1620 ψυχήν
1278 1529 1353 1600 5B

283 1643 412 1719 ἄριστε,
444 1634 504 1719 οὐχ
532 1637 551 1699 ὁ
582 1632 680 1711 αὐτὸς
707 1638 841 1716 τρόπος,·
871 1634 930 1710 ἕως
958 1633 1017 1718 μὲν
1045 1635 1086 1698 55
1113 1635 1240 1719 πονηρὰ
1269 1632 1300 1716 5,

285 1737 424 1818 ἀνόητός
445 1757 477 1798 τε
499 1729 581 1800 οὖσα
602 1733 656 1798 καὶ
677 1735 853 1809 ἀκόλαστος
881 1733 935 1798 καῖ
955 1734 1066 1808 ἀδικος
1086 1733 1140 1797 καὶ
1160 1735 1300 1809 ἀνόσιος,

284 1835 405 1916 εἴργειν
442 1827 546 1915 αὐτὴν
575 1834 625 1897 δεῖ
650 1836 715 1896 τῶν
750 1830 941 1914 ἐπιθυμιῶνΙ
961 1831 1016 1895 καὶ
1043 1831 1087 1914 μὴ
1124 1830 1301 1914 ἐπιτρέπειν

284 1934 352 1995 ἀλλ’
382 1935 461 1994 ἄττα
480 1937 585 1995 ποιεῖν
612 1924 634 2014 5
659 1923 712 2011 ἀφ’
735 1918 782 1993 55
810 1932 944 2011 βελτίων
965 1928 1067 2006 ἐσται,
1097 1932 1179 2013 φῄς,
1200 1925 1222 2011 5
1242 1935 1300 2006 οὔ,

287 2033 393 2093 ΚΑΛ.
426 2031 522 2112 Φημί.
571 2032 646 2093 ΣΩ.
679 2028 772 2091 Οὕτω
801 2030 864 2110 γάρ
893 2050 958 2093 που
991 2021 1073 2110 5555
1101 2032 1235 2109 ἄμεινον
1262 2038 1301 2109 τῇ

284 2138 394 2251 55555
417 2130 520 2190 KAA.
553 2128 649 2190 Πάνυ
668 2148 712 2208 γε.
756 2129 833 2189 255.
867 2120 1000 2190 Οὐκοῦν
1020 2125 1101 2188 τό’
1078 2126 1195 2207 εῖργειν
1217 2124 1302 2188 ἐστὶν

285 2221 340 2307 ἀφ’
364 2226 412 2288 ὡν
433 2224 584 2308 ἐπιθυμεῖ
603 2226 763 2303 κολάζειν;
788 2227 891 2288 ΚΑΛ.
912 2225 988 2287 Ναί.
1031 2225 1109 2287 ΣΩ.
1144 2223 1187 2288 Τὸ
1208 2225 1301 2287 5055-

286 2329 399 2402 ζεσθαι
419 2328 482 2404 ἀρα
502 2334 541 2407 τῇ
562 2331 652 2406 ιλιυχῇ
672 2324 806 2406 ἀμεινόν
827 2321 912 2386 ἐστιν
932 2317 954 2403 5
974 2317 1218 2404 ἤάκολασέα,
1198 2317 1301 2403 ω’ςπερ

284 2611 356 2662 55555·
373 2609 499 2660 Ηῖπῶολιι.
535 2611 672 2660 Praeterea
695 2608 862 2660 Heindorfius
886 2609 953 2659 coni.
979 2605 1180 2675 ἢτοάιαντιον,
1205 2603 1301 2674 ἢκαιά

284 2697 352 2746 yet.
373 2678 395 2727 δ.
414 2680 433 2727 λ.
453 2678 495 2728 καὶ
513 2677 623 2727 ἔλαττον.
664 2679 730 2728 Mire
747 2679 867 2727 Ficinus:
894 2677 980 2740 quod
1003 2693 1065 2726 non
1091 2679 1134 2726 sit
1156 2678 1301 2741 profutu-

284 2764 366 2806 rum,
393 2746 453 2796 hoc
476 2752 539 2808 est,
566 2745 641 2810 plus
665 2745 719 2795 vel
741 2747 849 2794 minus
875 2745 929 2794 vel
957 2746 1177 2808 eontrarium,
1208 2762 1301 2812 quam

284 2784 500 2865 iust5dictat
490 2783 610 2896 tnr’atio.

337 2881 442 2933 Ρ.5Οξ).
477 2879 560 2932 οὕτω
578 2881 634 2931 καὶ
653 2883 713 2962 55⁷¹
732 2879 918 2945 μοχθηρῶς]
937 2881 968 2930 V.
987 2879 1055 2930 οὕτω
1074 2883 1123 2947 ζῆν
1141 2882 1193 2930 καὶ
1201 2885 1300 2948 μοχθη-

287 2957 348 3015 ροῖς.
384 2950 476 3000 Clark.
498 2951 557 2999 Par.
580 2950 621 3000 W.
646 2947 715 2998 οὕτω
738 2949 780 3005 καλ
805 2950 921 3014 ζῆνκαὶ
944 2951 1035 3013 μοχθ.,
1058 2951 1103 2999 sed
1126 2951 1235 3000 alterum
1257 2953 1300 3001 καὶ

284 3021 390 3084 punctis
408 3024 532 3068 notatum.
550 3019 647 3082 Recept
649 3033 690 3066 am
707 3017 844 3067 lectionem
862 3016 965 3066 firmant
982 3019 1040 3067 Vat.
1058 3017 1137 3067 Goisl
1154 3019 1219 3068 Ven.
1239 3019 1300 3070 ΞΣ.

285 3087 363 3136 vind.
382 3087 405 3136 1.
424 3086 446 3136 2.
465 3085 489 3137 6.
505 3086 574 3135 Flor.
593 3103 619 3135 x.
636 3084 710 3136 Bodl.
727 3087 834 3135 Meerm.
852 3085 989 3135 Iamblich.

341 3152 471 3205 Οὐκοῦν
494 3155 547 3203 καλ
572 3151 626 3206 555
651 3151 711 3218 ἐπ]
736 3154 778 3202 καὶ
803 3152 902 3202 addunt
919 3155 985 3204 Ven.
1004 3153 1065 3204 ΣΞ.
1083 3154 1160 3203 vind.
1184 3153 1208 3207 2.
1231 3155 1300 3208 Flor.

284 3223 310 3273 d.
327 3240 360 3273 m.
380 3241 407 3272 x.
423 3224 492 3288 Aug.
500 3220 574 3272 Bodl.
582 3223 688 3272 Meerm.
697 3228 722 3271 et
732 3220 832 3285 Iambl,
849 3221 918 3272 unde
936 3237 996 3272 oum
1010 3223 1131 3272 Bekkero
1149 3223 1300 3288 recepimus.

284 3459 331 3510 ubi
349 3459 381 3509 de
398 3455 608 3525 formula555'yov
625 3459 669 3509 καὶ
687 3455 768 3510 οὐδέν
854 3461 883 3508 Ρ.
918 3458 976 3510 505.
1010 3455 1095 3508 ὅσον
1128 3455 1299 3524 βούλεται]

285 3529 384 3578 dictum
402 3533 449 3578 est.
467 3529 603 3578 Sententia
618 3530 700 3577 totius
717 3528 768 3578 loci
819 3527 1008 3592 Intelligilicet
1021 3545 1066 3584 τις,
1085 3542 1136 3590 quo
1149 3533 1235 3576 τευτευ
1248 3543 1300 3576 non

285 3597 350 3647 haec
381 3601 433 3645 est:
461 3597 538 3660 quid
564 3596 648 3645 enim
676 3595 768 3659 prod·
820 3611 892 3660 0qu
910 3611 989 3659 quum
1005 3594 1155 3645 indefinitae
1176 3610 1301 3659 personae

280 3671 338 3714 'est
377 3665 515 3728 eorpori
554 3670 692 3730 aegroto
738 3668 769 3713 et
819 3663 974 3729 significatio
997 3663 1050 3712 iam
1067 3664 1229 3713 contineatur
1246 3678 1301 3712 ver-

285 3733 372 3782 male
387 3733 510 3781 affecto
526 3731 769 3796 praeberemul·
820 3732 860 3780 bis
878 3735 1008 3781 πεινῶντα
1027 3738 1129 3797 φαγεῖν.

285 3807 337 3881 55⁵
362 3799 454 3880 qib⁰⁸
477 3801 627 3864 quamn
654 3801 768 3849 ΜΗ
853 3833 874 3882 Β
901 3833 953 3882 καλ
972 3829 1008 3893 μ’
1029 3831 1100 3882 ἐπιτ
1131 3827 1300 3881 ἐπεινάλλ’

285 3869 448 3918 ἀιοοιιυοε
488 3873 544 3918 aut
576 3873 675 3932 potus
714 3874 770 3917 aut
825 3897 836 3916 .
877 3871 882 3882 ’
996 3852 1011 3899 η
1109 3849 1122 3896 9

425 3935 572 3999 μιν·
739 3936 769 3985 .
759 3900 1303 4031 ιαιλαιι·αναι;

285 4003 569 4121 {lglggdffiueerglton
586 4003 661 4067 plus
678 3953 769 4052 ussei-l
820 4037 887 4086 nisi
905 4038 1025 4100 quibus
1043 3985 1108 4085 fiaqt
1125 4035 1251 4085 melior.

563 4087 656 4136 quam
697 4086 769 4121 con-

285 4141 428 4193 trarium
470 4139 505 4202 (h.
540 4154 561 4187 ο.
603 4154 698 4202 quam
740 4140 768 4188 ei
859 4132 1047 4187 05505555
1073 4137 1303 4202 εἴργειν-κο-

286 4209 416 4256 omnino
434 4206 521 4254 nihil
539 4206 723 4270 praebere),
741 4208 769 4256 si
821 4202 856 4254 λα
865 4207 946 4267 ζειν
943 4203 959 4270 ·]
977 4204 1147 4268 Hyperbaton
1158 4204 1300 4254 notandum

286 4275 417 4339 quidem
451 4290 517 4323 rem
549 4280 643 4324 recte
672 4277 770 4324 aesti-
820 4274 864 4322 hic
887 4279 939 4332 est,
916 4272 1036 4321 tordo
1064 4271 1202 4322 τοιουτου]
1232 4274 1300 4322 enim

285 4359 365 4405 mas,
401 4344 460 4392 imo
501 4340 598 4392 etiam
639 4344 768 4392 minus?
821 4341 864 4390 hm
882 4346 935 4389 est
958 4336 1105 4390 Οοκουν
1083 4359 1110 4390 τι
1129 4340 1231 4422 ειργειν
1248 4358 1291 4404 αφ

285 4412 340 4461 Alii
358 4380 443 4462 5liter.
821 4400 860 4458 ῶν
878 4406 1032 4470 ἐπιθυμεῖ’
1019 4424 1073 4458 εστι
1089 4405 1223 4472 κολάζειιι;
