3242 5259
443 601 623 662 GORGIAS.
644 603 677 662 P.
700 608 770 662 459.
794 608 865 663 460.
888 605 932 664 ed.
955 604 997 664 St.
1168 609 1223 664 121

208 763 301 839 εἰδὼς
322 763 358 828 ἐν
379 757 441 828 oda
461 765 561 828 εῖδόσι
581 769 704 846 μάλλον
724 772 783 829 τοῦ
805 767 943 842 εῖδότος;
965 762 986 848 ἦ
1007 767 1132 850 ἀνάγκη
1153 751 1228 831 εἰδέ-

206 886 278 938 ναι,
311 863 365 925 καὶ
396 863 446 927 δεῖ
463 863 738 945 προεπιστάμενον
766 874 867 928 ταῦτα
887 862 1062 946 ἀφικέσθαι
1082 865 1168 944 παρὰ
1191 863 1225 928 οὲ
1247 865 1277 930 Ε

207 956 268 1024 τὸν
294 957 453 1043 μέλλοντα
472 963 677 1044 μαθήσεσθαι
697 961 756 1044 τὴν
779 963 967 1046 ῥητορικήν;
996 964 1023 1026 εἰ
1043 961 1077 1026 δὲ
1098 965 1156 1045 μή,
1186 963 1227 1026 σὺ

209 1059 227 1123 ὁ
256 1068 314 1142 τῆς
332 1059 513 1142 ῥητορικῆς
537 1059 726 1134 διδάσκαλος
751 1062 875 1125 τούτων
895 1060 954 1143 μὲν
975 1055 1070 1125 οὐδὲν
1092 1061 1228 1139 διδάξεις

207 1153 267 1221 τὸν
297 1152 556 1240 ἀφικνούμενον·
587 1160 632 1222 ου’
659 1161 721 1238 γὰρ
749 1153 810 1222 cdv
837 1155 949 1241 ἔργον·
979 1161 1120 1241 ποιήσεις
1140 1160 1169 1223 δ’
1192 1158 1227 1222 ἐν

207 1260 276 1331 τοῖς
292 1260 424 1331 πολλοῖς
439 1256 547 1320 δοκεῖν
568 1254 684 1319 εἰδέναι
705 1253 807 1320 αὐτὸν
828 1258 866 1321 τὰ
887 1267 1019 1322 τοιαῦτα
1041 1251 1102 1322 οὐκ
1123 1258 1228 1322 εἰδότα

208 1354 264 1418 καὶ
292 1355 402 1418 δοκεῖν
430 1352 558 1433 ἀγαθόν
579 1349 661 1418 εῖναι
682 1354 744 1420 οὐκ
765 1359 863 1432 ὄντας
895 1352 973 1437 ἢτδ
994 1357 1147 1435 παράπαν
1168 1349 1228 1438 οὐχ

208 1445 278 1527 οἶός
293 1473 327 1514 τε
343 1448 406 1515 ἔσει
423 1449 528 1516 αὐτὸν
540 1452 664 1530 διδάξαι
679 1451 739 1536 τήν
755 1452 938 1536 ῥητορικήν,
961 1451 1017 1516 ἐὰν
1032 1450 1075 1536 μή
1096 1455 1227 1538 προειδή

209 1548 282 1631 περὶ
312 1550 438 1614 τούτων
465 1551 524 1633 τήν
553 1551 723 1633 ἀλήθειανς
752 1546 862 1633 ήπῶς
882 1551 921 1614 τά
941 1557 1074 1615 τοιαῦτα
1095 1549 1171 1635 ἔχει,
1202 1545 1227 1615 ὡ

211 1652 244 1712 Γ
239 1649 353 1729 οργῖα,·
385 1648 439 1712 καὶ
459 1641 540 1729 πρὸς
560 1649 650 1725 Διός,
672 1644 775 1730 ὥςπερ
795 1653 866 1730 ἀρτι
887 1643 987 1723 εἶπες,
1016 1649 1228 1724 ἀποκαλύψας
1249 1656 1313 1721 460

209 1755 265 1828 τής
280 1746 453 1829 ῥητορικῆς
467 1745 531 1810 εἰπὲ
547 1746 595 1821 τῖς
608 1737 682 1811 ποθ’
698 1748 720 1830 ή
739 1741 876 1830 δάναμῖς
897 1746 991 1810 ἐστιν.
1029 1750 1124 1810 ΓΟΡ.
1149 1743 1227 1811 Ἀλλ’

210 1844 273 1926 ἐγὼ
302 1844 362 1926 μὲν
391 1839 499 1927 οἶμαι,
530 1835 764 1925 ὦΣάκρατες,

208 1953 311 2006 ταῦτα
332 1938 406 2023 παρ’
428 1941 507 2032 ἐμοῦ
528 1944 715 2026 μαθήσεται.
758 1946 836 2006 Est.
867 1937 939 2027 Ἔχε
961 1944 1014 2028 δή·
1042 1948 1146 2019 καλῶς
1166 1944 1228 2026 γδιρ

206 2043 316 2121 λέγεις.
339 2037 455 2118 ἐάνπερ
473 2039 645 2124 ῥητορικόν
661 2044 702 2104 σά
718 2065 789 2105 τινα
811 2044 958 2124 ποιήσης,
980 2043 1103 2124 ἀνάγκη
1125 2036 1229 2106 αάτόν

258 2242 291 2291 Ε.
327 2239 359 2290 sl
377 2239 411 2290 δὲ
429 2258 445 2303 μ
462 2237 479 2300 ',
500 2240 539 2291 σὺ
556 2238 570 2291 δ
589 2240 618 2324 τ]
646 2241 734 2292 ΟλατΙτ.
757 2242 784 2292 εἰ
800 2240 830 2293 δὲ
848 2250 873 2291 et
890 2242 917 2290 in
935 2258 1016 2308 marg.
1034 2260 1075 2323 γρ.
1094 2242 1121 2292 εἰ
1138 2242 1168 2293 δὲ
1185 2241 1227 2306 μή.

260 2305 363 2359 αὐτὸν
387 2306 655 2376 διδαξαιδδιδαξαι
673 2306 755 2360 αὐτὸν
773 2312 832 2360 Vat.
850 2310 916 2359 Ven.
938 2309 960 2361 Ξ
969 2309 998 2359 Σ.
1024 2310 1101 2360 de.
1119 2309 1143 2361 2.
1161 2309 1184 2362 6.
1204 2309 1227 2362 l.

208 2377 359 2495 gakaW.
377 2377 445 2442 Aug.
462 2379 568 2428 Mearm.
587 2379 654 2428 Flor.
673 2377 706 2441 b.,
724 2395 800 2443 quem
819 2376 957 2428 verborum
975 2377 1230 2444 ordinem‘probavit

230 2461 244 2494 e
287 2460 322 2494 er.

260 2514 290 2562 P.
309 2509 368 2562 460.
402 2508 476 2562 ’ἀλλ’
502 2510 562 2578 ἐγώ
586 2512 646 2574 μὲν
670 2506 775 2574 οἶμαι,
800 2505 822 2563 ιδ
846 2512 887 2577 Σ.]
915 2506 986 2573 οἶμαι
1012 2529 1062 2562 om.
1088 2515 1147 2564 Par.
1170 2515 1227 2563 EF.

207 2580 277 2631 Flor.
291 2580 308 2629 f.
322 2597 342 2631 s.
369 2581 436 2630 Dein
455 2580 527 2631 solus
546 2582 631 2646 Steph.
650 2580 680 2630 de
698 2582 850 2632 coniectura
867 2579 1046 2645 μαθήσεσθαι,
1065 2581 1109 2630 sed
1126 2597 1151 2630 v.
1167 2598 1227 2631 ann.

206 2749 323 2814 Respicit
341 2749 459 2800 Socrates
482 2748 515 2800 ad
533 2748 612 2800 verba
631 2751 694 2800 Gor·
744 2747 826 2802 dilue
843 2747 966 2811 ἀτιμάσει.
993 2749 1058 2800 lbid.
1074 2767 1099 2816 p.
1112 2748 1171 2802 473.
1189 2753 1226 2800 D:

205 2821 264 2884 giae
283 2834 308 2882 p.
326 2816 385 2868 455.
403 2819 436 2867 D.
746 2818 816 2868 dono}
830 2816 866 2878 δέ,
886 2816 950 2869 οὐδὲ
961 2825 995 2885 τῷ
1008 2816 1131 2883 ἀνθρωπ.
1150 2818 1228 2884 γένει.

241 2881 317 2935 Ἀλλ’
338 2881 400 2950 ἐγώ
418 2885 478 2946 μὲν
496 2878 597 2945 οἶμαι,
616 2877 636 2935 ὦ
654 2885 693 2945 Σ..
745 2888 789 2936 vl.
815 2903 839 2951 p.
857 2885 914 2937 507.
939 2888 975 2936 D:
1004 2880 1076 2948 οἶμαι
1100 2886 1141 2946 δέ,
1170 2883 1227 2936 οὐδ’

213 2983 240 2993 -
257 2949 460 3020 μαθήσεται]
486 2951 566 3003 codd.
589 2954 693 3018 plurimi
745 2952 829 3006 ἄλλοις
848 2952 1004 3021 προσδεήσει
1016 2951 1135 3007 οὐδενός.
1154 2956 1187 3004 X.
1203 2970 1227 3019 p.

207 3031 285 3086 atque
315 3021 407 3086 optimi
435 3019 593 3086 μαθήσεται,
625 3021 693 3086 quod
745 3021 802 3073 608.
817 3024 849 3072 D.
867 3021 1139 3087 Sophist.p.231.1):
1159 3022 1228 3073 δοκῶ

207 3091 277 3140 editt.
304 3095 366 3138 vett.
394 3090 421 3138 iu
444 3085 615 3154 μαθήσεσθαι
640 3106 693 3139 mu·
745 3090 794 3151 μὲν
810 3087 870 3156 γάρ,
890 3089 916 3139 τὸ
936 3095 1042 3155 πρῶτον
1058 3087 1160 3155 εὑρέθη
1178 3093 1227 3155 θη-

207 3164 303 3208 tarunt.
344 3158 429 3221 Atque
464 3156 533 3206 hanc
567 3157 693 3206 rationem
747 3155 845 3225 ρεντήε.
870 3158 959 3222 Lysid.
975 3174 999 3223 p.
1013 3157 1070 3212 206.
1084 3159 1113 3208 C.
1127 3156 1185 3208 218.
1198 3159 1228 3208 Ε.

207 3228 283 3275 unice
316 3240 403 3275 veram
432 3230 507 3289 putat
534 3225 694 3275 Heindor·
744 3227 860 3290 Utraque
895 3228 1054 3277 constructio
1087 3228 1229 3277 coniuncta

207 3294 290 3355 fius,
309 3294 355 3357 qui
362 3293 477 3356 alioquin
486 3292 564 3342 scribi
572 3293 693 3343 debuisse
744 3296 870 3359 reperitur
886 3295 994 3344 Lachet.
1011 3311 1035 3358 p.
1056 3292 1111 3344 184.
1126 3294 1164 3355 Β.,
1182 3293 1229 3344 ubi

208 3363 362 3412 arbitratur:
380 3356 442 3409 Ἀλλ’
457 3357 575 3425 ἑάντάχη
591 3389 632 3427 ·-‚
651 3360 692 3410 nul
745 3379 769 3411 v.
794 3378 856 3411 ann.
888 3361 1037 3425 Thucyd.
1061 3362 1082 3422 I,
1100 3358 1129 3411 3:
1157 3362 1232 3411 δοκεῖ

207 3435 293 3487 ταῦτα,
304 3421 384 3488 οἶμαι,
399 3424 459 3491 παρ’
471 3427 535 3487 ἐμοῦ
542 3428 693 3495 μαθήσεται.

208 3499 243 3547 At
267 3497 338 3546 enim
364 3500 423 3554 ver'o
447 3497 514 3546 solet
537 3497 574 3546 ita
597 3498 693 3560 passim

207 3570 266 3630 post
277 3563 404 3613 formulas
417 3561 474 3623 ἐμοὶ
487 3563 568 3622 δοκεῖ,
585 3565 698 3614 οἴεσθαί

746 3429 774 3479 δέ
792 3445 841 3490 μοι,
860 3426 925 3480 οὐδὲ
942 3426 1054 3490 τοῦνομα
1072 3433 1147 3477 τοῦτο
1165 3426 1228 3491 ξάμ-

747 3495 817 3547 πασά
851 3515 890 3547 πω
922 3490 999 3561 εἶχεν.
1043 3496 1123 3545 Plura
1156 3494 1229 3546 dabit

746 3566 948 3615 Sclraeferus
990 3565 1021 3613 ad
1060 3565 1228 3614 Demosthen.

208 3651 237 3698 γε
248 3632 307 3698 χρή,
320 3630 431 3698 ἐγὼμὲν
442 3625 522 3692 οἶμαι,
540 3631 605 3682 alibi
616 3633 693 3682 etiam
744 3635 865 3698 Apparet.
885 3635 916 3683 Τ.
935 3634 966 3682 V.
984 3649 1009 3697 p.
1027 3630 1067 3684 96.

209 3697 379 3764 παρενθὲτωο
391 3699 512 3764 usurpari
527 3700 625 3762 solitas,
639 3716 693 3750 non

207 3769 362 3828 infinitivus,
375 3767 420 3817 sed
430 3767 587 3818 indicativus
597 3768 693 3818 inferri.

208 3835 328 3895 Accedit,
356 3835 424 3899 quod
441 3835 597 3885 indicativus
615 3836 693 3901 longe

208 3903 427 3954 accommodatior
441 3909 480 3953 est
494 3905 623 3968 sophistae
635 3920 683 3953 con

208 3971 345 4032 fidentiae,
378 3987 455 4035 quam
481 3973 562 4023 oratio
589 3971 694 4021 aliunde

208 4055 343 4101 suspensa.
354 4038 472 4088 Ceterum
483 4041 551 4089 conf.
561 4041 694 4104 Protagor.

209 4124 234 4172 p.
249 4103 309 4157 314.
328 4108 361 4157 O:
382 4099 523 4157 donatoris
539 4124 590 4168 μοι,
610 4104 624 4158 ὁ
642 4109 693 4157 θυ-

212 4173 301 4238 ρωρὸς
318 4202 351 4211 -
369 4172 514 4239 κατήκουεν
527 4171 606 4242 ήμῶν.
624 4176 695 4225 Men.

210 4259 235 4307 p.
253 4241 295 4292 94.
313 4244 348 4292 B:
378 4240 448 4293 δοκεῖ
473 4241 535 4303 μέν,
562 4239 694 4307 ἐβούλετο.

209 4311 322 4375 Sophist.
340 4326 365 4374 p.
383 4307 440 4364 231.
460 4311 491 4359 D.
524 4313 563 4360 De
585 4310 694 4375 Republ.

211 4379 243 4427 V.
266 4393 291 4442 p.
311 4376 370 4429 465.
393 4379 430 4427 A:
463 4372 534 4440 οἶμαι
559 4377 600 4443 δέ,
630 4375 695 4428 οὐδὲ

774 3698 843 3764 Ἔχε
863 3699 912 3768 δή·
937 3703 1040 3754 καλῶς
1057 3719 1080 3766 γ.
1098 3699 1145 3766 -]
1169 3702 1229 3750 Fre-

745 3785 828 3832 quens
839 3769 908 3833 apud
919 3770 1054 3819 Platonem
1066 3775 1105 3818 est
1118 3768 1229 3818 formula

745 3837 785 3900 ι”χέ
797 3834 838 3901 δή,
850 3838 926 3887 cuius
937 3838 1057 3903 exempla
1067 3835 1231 3901 collegerunt

745 3905 865 3954 Astius
882 3905 915 3955 ad
932 3905 1068 3970 Rempubl.
1086 3921 1111 3969 p.
1122 3901 1181 3955 353.
1198 3905 1228 3956 B.

746 3972 777 4022 ad
796 3974 875 4038 Legg.
894 3988 918 4037 p.
934 3971 990 4024 627.
1006 3973 1034 4023 C.
1057 3972 1229 4021 Heindorf.

746 4040 778 4088 ad
790 4042 923 4105 Protngcr.
935 4057 959 4104 p.
970 4038 1028 4091 349.
1038 4042 1071 4090 D.
1084 4041 1151 4089 conf.
1161 4040 1230 4089 infra

746 4124 770 4172 p.
781 4106 839 4159 490.
850 4110 885 4158 B:
904 4109 943 4171 ἔχε
958 4107 990 4173 δή
1009 4105 1096 4157 αὐτοῦ.
1114 4107 1230 4157 Heind.

747 4176 849 4240 quidem
868 4175 996 4240 explicat:
1016 4176 1177 4237 subsiste,
1196 4180 1231 4223 ut

746 4244 792 4292 sit
815 4244 999 4293 retinentis
1023 4243 1231 4294 revocantis·

746 4327 821 4375 que,
849 4312 876 4359 si
903 4312 975 4376 quis
998 4311 1068 4360 alio
1090 4327 1232 4377 pergere

747 4385 802 4428 aut
815 4378 906 4430 aliud
921 4386 1055 4430 acturus
1071 4379 1228 4431 videatur.
