3242 5259
333 619 389 674 ιιι
494 697 496 701 ¹
744 615 942 677 Pannonis

326 772 535 856 Ἀλκιβιάδου
555 798 587 839 τι
609 787 667 840 τοῦ
691 778 844 840 Κλεινίου
864 777 918 841 καὶ
939 779 1143 858 φιλοσοφίας,
1167 781 1209 843 οὺ
1231 781 1266 844 δὲ
1286 791 1342 845 τοῦ

328 895 360 936 τε
377 867 566 956 Ἀθηναίων
594 874 699 956 δήμου
726 873 859 938 καὶτοῦ
881 876 1126 958 Πυριλάμπους.
1148 879 1344 962 αἰσθάνομαι

328 965 389 1034 οὖν
419 989 480 1034 σου
500 967 663 1043 ἑκάστοτε,
692 973 805 1054 καίπερ
835 975 929 1046 ὄντος
950 972 1077 1050 δεινοῦ,
1104 968 1164 1052 ὅτι,
1186 970 1283 1040 ὁπόά
1305 976 1344 1040 ἂν

328 1078 374 1149 φῇ
395 1085 456 1130 σου
470 1067 509 1131 τὰ
522 1068 652 1133 παιδικὰ
668 1068 721 1132 καὶ
744 1065 831 1144 ὅπως
852 1066 962 1153 orep
983 1067 1076 1153 ἔχειν,
1098 1073 1139 1134 οὐ
1160 1066 1344 1157 δυναμένου

265 1169 294 1232 Ε
329 1158 521 1246 ἀντιλέγειν,
553 1158 618 1229 ἀλλ’
648 1171 716 1229 άνω
742 1168 795 1230 καὶ
817 1169 904 1229 κάτω
923 1168 1226 1250 μεταβαλλομένου·
1258 1168 1294 1235 ἔν
1313 1194 1343 1235 τε

328 1272 366 1345 τῇ
388 1252 552 1348 ἐκκλησίᾳ,
578 1262 634 1327 ἐάν
654 1285 683 1325 τι
703 1275 765 1327 οοῦ
785 1263 937 1344 λέγοντος
957 1266 975 1328 ὁ
996 1268 1097 1349 δῆμος
1118 1267 1137 1331 ὁ
1154 1262 1343 1351 Ἀθηναίων

327 1360 371 1442 μὴ
399 1370 447 1443 φῇ
476 1360 578 1435 οὕτως
605 1358 702 1444 ἔχειν,
740 1364 1017 1446 μεταβαλλόμενος
1044 1362 1145 1446 λέγεις
1163 1368 1195 1428 o
1226 1365 1343 1442 ἐκεῖνος

328 1459 487 1539 βούλεται,
509 1458 656 1538 καὶπρὸς
675 1459 733 1523 τὸν
757 1461 990 1543 Πυριλάμπους
1009 1463 1143 1525 νεανίαν
1163 1462 1224 1527 τὸν
1244 1462 1343 1528 καλὸν

327 1566 445 1620 τοῦτον
465 1566 597 1620 τοιαῦτα
618 1556 709 1638 ἕτερα
728 1555 904 1632 πέπονθας.
927 1563 994 1633 τοῖς
1013 1558 1076 1640 γὰρ
1097 1562 1164 1623 τῶν
1184 1561 1342 1628 παιδικῶν

363 1768 400 1821 οὐ
419 1771 454 1822 δὲ
472 1777 527 1823 τοῦ
545 1791 575 1822 ιε
592 1770 699 1839 Ἀθην.
719 1773 758 1840 b]
778 1774 821 1824 Sic
833 1775 897 1824 Ven.
912 1776 940 1825 Ξ.
964 1776 1040 1826 vind.
1058 1774 1082 1825 2.
1101 1774 1124 1826 7.
1147 1776 1223 1827 Bodl.
1237 1779 1340 1828 Mearm.

328 1841 395 1906 Aug.
408 1847 433 1890 et
443 1857 480 1905 pr.
492 1841 550 1890 Par.
563 1842 583 1890 1.
598 1842 666 1891 vett.
676 1840 746 1891 editt.
767 1840 800 1892 ον’
819 1859 844 1893 ιε
863 1841 946 1901 δυοῖν,
966 1848 1012 1894 τοῦ
1030 1861 1055 1894 τε
1072 1839 1132 1894 Ἀθ.
1151 1841 1183 1903 b,
1202 1847 1231 1895 in
1249 1847 1340 1910 quibua

328 1906 407 1957 δυοῖν
423 1909 555 1973 parinepte
571 1909 707 1958 intrusum.

378 1971 468 2025 ὁπότ’
493 1973 532 2026 ἂν
556 1983 599 2041 φῇ
624 1975 697 2042 σου]
721 1974 857 2034 Ψάμμι,
884 1977 952 2042 quod
976 1993 1009 2027 ex
1034 1977 1107 2028 eodd.
1126 1985 1273 2030 eorreotum
1290 1980 1338 2030 fere

327 2045 455 2093 omnibus.
486 2045 576 2093 Aetius
599 2042 614 2092 ὅ
638 2063 658 2094 τι
676 2043 710 2094 ἄν
727 2061 760 2094 ex
777 2045 846 2094 Flor.
865 2061 889 2093 x.
925 2045 1067 2111 Vulgatnm
1085 2042 1184 2112 άνιιφῇ
1202 2063 1236 2096 ex
1253 2047 1337 2098 Clark.

327 2112 385 2162 Vat.
409 2113 473 2161 Ven.
499 2111 529 2164 Ξ.
566 2111 642 2161 Vind.
665 2110 688 2163 2.
712 2110 736 2164 1.
770 2112 839 2162 Flor.
865 2128 884 2162 a.
909 2129 934 2161 x.
963 2114 1031 2180 Aug.
1055 2112 1129 2164 Bodl.
1150 2116 1258 2165 Meerm.
1283 2115 1338 2165 aliie

326 2178 497 2264 emendatum.
533 2179 608 2228 Unde
632 2186 721 2230 natum
744 2181 778 2229 sit
800 2180 907 2242 vitium,
932 2196 965 2230 ex
987 2181 1114 2247 scriptura
1137 2181 1203 2232 Van.
1223 2183 1253 2235 Ξ.
1278 2199 1336 2234 corr.

327 2265 405 2364 ανφΕη.
418 2262 588 2380 &gens-U?
612 2312 785 2380 ἐκκλησίᾳ]
814 2315 892 2379 Vulg.
911 2315 941 2364 ἔν
958 2333 984 2365 τε
1001 2311 1051 2382 γὰρ
1071 2319 1100 2381 τῇ
1118 2313 1186 2366 intel.
1209 2317 1274 2368 Vota
1291 2312 1336 2383 γὰρ

326 2398 395 2432 nune
417 2383 480 2433 eieci
502 2398 560 2433 eum
579 2382 666 2432 Clark.
686 2383 743 2432 Vat.
763 2381 843 2433 Coial.
860 2382 937 2432 Vind.
955 2382 979 2434 6.
1003 2385 1061 2434 Par.
1079 2382 1256 2436 BCEFIW.
1283 2384 1338 2436 Flo·

324 2603 370 2652 per
382 2585 505 2651 loquendi
515 2584 728 2635 consuetudinem
746 2583 807 2634 ferri
859 2584 892 2646 ΙΙ,
915 2582 944 2646 6,
969 2581 1010 2635 24.
1038 2600 1062 2649 p.
1086 2581 1137 2635 162
1160 2599 1214 2649 aeq.
1247 2586 1336 2637 Roat

324 2670 400 2718 posse
417 2653 582 2715 arbitramur,
605 2668 761 2718 quamquam
779 2651 806 2702 id
857 2653 881 2712 ᾖ.
891 2650 949 2702 129.
966 2657 1018 2702 not.
1030 2650 1053 2702 1.
1072 2652 1131 2702 ooll.
1143 2653 1167 2713 5.
1179 2651 1238 2705 122.
1249 2650 1336 2704 κοιλ

325 2722 438 2771 citeriori
466 2720 569 2784 quidem
595 2720 730 2785 graecitati
753 2736 805 2769 non
857 2718 1063 2783 Bernhardy.
1083 2720 1158 2784 Synt.
1179 2736 1204 2786 p.
1226 2718 1285 2772 471.
1307 2749 1335 2759 -

245 2792 247 2796 '
324 2804 468 2854 repugnare
496 2786 585 2837 docuit
611 2787 805 2837 Boieeonad.
858 2783 925 2836 ἄνω
950 2787 1003 2837 καλ
1030 2786 1112 2837 κάτω
1138 2786 1334 2852 penetrate·

325 2857 359 2906 ad
377 2854 503 2919 Aneodot.
520 2856 553 2907 11.
572 2871 596 2918 p.
611 2853 677 2917 296,
698 2854 730 2904 ad
748 2857 806 2905 Ple·
860 2856 938 2904 σθαι
964 2855 1062 2919 paaeim
1089 2854 1211 2905 dieantur
1235 2856 1269 2918 ii,
1296 2855 1335 2921 qni

325 2923 386 2974 nud.
410 2925 470 2972 Met.
494 2938 518 2986 p.
542 2919 582 2972 73.
611 2929 635 2971 et
661 2921 694 2972 ad
717 2924 806 2988 Eurip.
857 2938 918 2986 praa
929 2922 1032 2972 consilii
1042 2923 1131 2987 inopia
1140 2923 1271 2987 neaoiunt,
1288 2939 1334 2988 qno

326 2993 356 3040 Τ.
375 2992 422 3040 ΙΠ.
439 3005 464 3054 p.
474 2987 532 3042 339.
551 2991 617 3039 conf.
635 2990 803 3041 Sohaefer.

325 3059 357 3108 ad
375 3057 507 3108 Damoeth.
527 3059 620 3123 Appar.
639 3058 684 3108 lv.
696 3074 721 3123 p.
739 3057 806 3122 151.,

325 3142 408 3190 nequa
431 3141 496 3190 opue
518 3131 557 3176 eet
574 3126 679 3176 omnino
697 3127 746 3176 hao
762 3143 805 3192 ge·

324 3195 474 3256 minatione,
490 3193 617 3258 siquidem
634 3209 686 3244 non
701 3193 803 3261 Δήμου,

324 3262 370 3312 sed
394 3262 456 3312 νλοῦ
478 3262 633 3328 cogitatione
658 3261 803 3312 addendum

324 3337 370 3381 eet.
418 3332 482 3382 Mox
514 3329 622 3380 articulo
652 3331 714 3380 item
744 3337 804 3379 ante

324 3399 480 3464 Pyrilampie
491 3413 585 3448 nomen
597 3398 693 3447 omieeo
711 3396 804 3447 dieitur

324 3465 368 3518 τὸν
389 3464 577 3528 Πυριλάμπους
598 3468 706 3515 νεανίαν
724 3471 749 3514 et
765 3466 803 3513 in·

323 3538 362 3586 fra
382 3552 407 3601 p.
424 3533 482 3586 513.
498 3535 527 3583 Β.
552 3537 586 3599 τῷ
606 3529 802 3596 Πυριλάμπους.

322 3604 391 3653 Alia·
410 3603 488 3652 huius
510 3601 613 3667 generis
636 3601 756 3664 exempla
777 3617 802 3650 v.

322 3688 362 3736 ap.
380 3669 542 3720 Lambert.
561 3670 631 3719 Boe.
652 3670 692 3719 De
710 3668 803 3734 Ellipe.

238 3759 243 3768 ·
321 3755 345 3804 p.
363 3736 421 3790 507.
439 3737 479 3788 ed.
496 3736 626 3787 Sohaefer.

356 3870 403 3922 ὅτι
421 3900 455 3910 -
473 3867 510 3920 οὖ
535 3869 724 3930 δυναμένου
748 3867 801 3921 άν-

323 3937 480 4022 τιλὲγειν]
508 3939 562 3987 Aut
587 3936 726 3988 dicendum
753 3941 802 3988 fuit

321 4008 360 4058 ὅτι
388 4002 420 4057 ον’
447 4005 558 4057 δυνασαι
581 4034 614 4043 -
638 4002 700 4055 ἀλλὰ
727 4023 801 4066 μεια-

857 3006 885 3039 ea
896 2995 1006 3051 vertant,
1024 2991 1069 3054 qni
1083 3005 1137 3039 non
1153 2989 1261 3054 habent,
1278 2989 1335 3056 quid

857 3056 944 3107 dicant
960 3058 1003 3108 vel
1019 3058 1132 3120 faciant,
1155 3059 1203 3122 qui
1219 3060 1271 3109 eibi
1287 3075 1335 3109 non

857 3129 978 3175 constant
987 3141 1072 3190 neque
1084 3131 1182 3176 certam
1192 3127 1221 3176 in
1238 3126 1334 3193 agendo

856 3199 999 3257 sequnntur
1010 3195 1146 3256 rationem,
1162 3200 1194 3244 nt
1210 3193 1236 3243 h.
1255 3195 1273 3244 l.
1289 3195 1336 3244 Di·

856 3261 963 3310 nareh.
985 3277 1009 3326 p.
1028 3259 1068 3315 13.
1092 3260 1131 3311 ed.
1154 3261 1260 3312 Reiek.:
1285 3261 1334 3312 διν-

856 3333 947 3389 parvas
958 3327 1001 3378 ἐπὶ
1020 3333 1064 3394 τῆς
1082 3330 1212 3382 πολιτείαν
1230 3332 1273 3379 καὶ
1291 3325 1335 3380 otia

855 3392 911 3446 ἄνω
929 3395 972 3446 καὶ
989 3395 1056 3446 κάτω
1073 3393 1305 3461 μεταβαλλόμενος,

888 3533 918 3580 Ε.
954 3527 1334 3599 δδῆμοοάἊθηναίυν]

856 3597 932 3661 Quod
965 3599 1047 3649 altero
1081 3600 1138 3650 loco
1173 3601 1334 3664 reposuimus

855 3666 993 3717 articulum
1020 3667 1190 3732 plurimorum
1212 3666 1334 3718 librorum

854 3735 1016 3796 auctoritate,
1037 3750 1071 3784 ne
1088 3735 1147 3799 quia
1156 3740 1239 3852 t{iubet
1255 3735 1334 3802 legem

854 3800 928 3851 illam
937 3802 1061 3853 violatam
1073 3818 1138 3864 aeae,
1174 3817 1261 3868 aqna
1277 3803 1335 3853 eori-

853 3870 953 3934 psimue
975 3869 1008 3920 ad
1030 3886 1055 3935 p.
1079 3868 1136 3920 455.
1159 3871 1192 3922 1).
1228 3871 1296 3921 Nam
1318 3867 1332 3918 δ

855 3935 935 4002 δῆμον
953 3933 967 3984 ὁ
986 3934 1137 4002 Ἀθηναίων
1153 3936 1259 4000 dieitur,
1276 3938 1336 4002 qnia

854 4005 992 4069 opponitur
1003 4003 1112 4064 ἐκεῖνον,
1129 4005 1155 4054 h.
1173 4021 1196 4058 e.
1215 4001 1333 4073 Δῆμοολ

322 4072 416 4140 βάλλοι,
434 4079 480 4125 ant
496 4072 534 4123 ὅτι
552 4073 728 4123 omittendum.
751 4074 801 4124 Sed
854 4070 1054 4135 Πυριλάμπους,
1079 4078 1170 4137 eatque
1193 4073 1274 4124 aimnl
1289 4088 1335 4138 po

320 4150 429 4207 utraque
441 4141 565 4194 orationis
579 4143 662 4192 forma
675 4142 701 4190 in
720 4158 801 4192 unum
852 4142 951 4206 pulne
973 4145 1036 4190 tam
1059 4139 1145 4190 levia
1169 4147 1272 4205 atque
1293 4141 1335 4190 in·

322 4211 434 4262 conflata
456 4210 523 4261 dixit
540 4207 576 4259 ὅτι
594 4206 626 4259 τά
643 4208 801 4270 δυναμένου.
853 4213 1028 4271 constans,
1045 4207 1159 4271 qualia
1176 4215 1229 4258 eet
1241 4209 1334 4259 Athe-

322 4295 345 4331 v.
356 4278 465 4345 Apolog.
475 4279 572 4329 δουναι.
581 4294 604 4342 p.
613 4275 652 4328 37.
661 4279 690 4326 Β.
703 4279 742 4327 De
752 4279 802 4327 hoo
853 4277 930 4325 nien
939 4277 992 4324 eis.
1027 4275 1118 4340 Carpit
1133 4277 1203 4326 enim
1217 4276 1334 4327 sooner

321 4361 415 4410 genere
439 4346 562 4410 loquendi
584 4345 705 4395 eonsules
727 4347 800 4395 Bor·
854 4343 972 4394 Calliclie
984 4343 1117 4393 levitatem
1134 4343 1229 4394 mobili
1245 4344 1332 4410 populi

322 4428 471 4463 nemann.
493 4415 525 4463 ad
549 4413 668 4477 Xenoph.
686 4412 802 4463 Anabaa.
853 4410 943 4460 turbae
957 4426 1088 4476 nunqnam
1106 4425 1160 4461 non
1177 4410 1334 4462 blandientia
