3242 5259
507 593 691 653 GORGIAS.
712 595 746 652 P.
770 597 841 653 455.
864 598 934 652 456.
956 596 1001 653 ed.
1025 596 1067 655 st.
1238 599 1293 655 111

345 754 427 843 Gap.
450 755 513 821 XI.
559 758 655 820 ΓΟΡ.
678 757 721 818 Εἰ
740 757 847 819 πάντα
868 777 903 837 γε
924 757 1047 838 εἰδείης,
1070 747 1096 819 ὦ
1117 756 1297 837 Σώκρατες,

280 851 331 920 ὅτι
338 900 348 932 ,
379 855 423 927 ὡς
449 850 524 929 ἔπος
553 855 668 931 εἰπεῖν,
702 853 828 930 ἁπάσας
848 855 904 928 τὰς
924 855 1074 936 δυνάμεις
1093 855 1299 935 συλλαβοῦσα

276 945 333 1034 ὑφ’
364 952 448 1034 αὐτῇ
477 948 555 1033 ἔχει·
586 948 669 1033 μέγα
697 950 731 1014 δέ
763 967 815 1015 σοι
842 955 1013 1035 τεκμήριον
1040 951 1118 1033 ἐρῶ·
1145 953 1348 1027 πολλάκιςΒ

277 1050 342 1131 γὰρ
362 1050 424 1132 ἤδη
445 1046 544 1133 ἔγωγε
564 1048 642 1131 μετὰ
663 1059 722 1113 τοῦ
749 1049 893 1131 ἀδελφοῦ
921 1049 974 1114 καὶ
1001 1049 1079 1131 μετὰ
1106 1053 1172 1114 τῶν
1192 1053 1299 1113 ἄλλων

278 1149 400 1228 ἰατρῶν
431 1146 583 1222 εἰςελθὼν
606 1148 695 1228 παρα
722 1170 794 1210 τινα
821 1152 887 1211 τῶν
915 1150 1106 1230 καμνόντων
1132 1147 1204 1230 οὐχὶ
1229 1144 1297 1211 lel-

277 1238 423 1325 λονταῆ
451 1246 625 1327 φάρμακον
652 1249 736 1308 πιεῖν
766 1239 909 1327 derceio
937 1240 958 1324 ἢ
985 1251 1104 1309 καῦσαι
1124 1251 1299 1328 παρασχεῖν

277 1351 324 1423 τῷ
346 1342 456 1422 ἰατρῷ,
479 1343 519 1406 οὐ
539 1341 725 1425 δυναμένου
745 1351 805 1405 τοῦ
826 1342 938 1426 ἰατροῦ
959 1349 1073 1420 πεῖσαι,
1096 1341 1158 1424 ἐγὼ
1179 1339 1298 1418 ἔπεισα,

278 1441 341 1504 οὐκ
362 1443 443 1521 ἄλλῃ
472 1439 565 1522 τέχνῃ
596 1433 618 1521 ἢ
646 1449 685 1522 τῇ
707 1439 870 1522 ῥητορικῇ.
903 1438 985 1522 φημὶ
1004 1437 1038 1502 δὲ
1058 1438 1114 1502 καὶ
1141 1441 1185 1515 εἰς
1205 1442 1299 1504 πόλιν

278 1533 358 1605 ὅποι
387 1538 499 1620 βούλει
528 1534 666 1600 ἐλθόντα
692 1536 864 1619 ῥητορικὸν
893 1538 997 1619 ἄνδρα
1026 1537 1080 1601 καὶ
1109 1539 1238 1617 ἰατρόν,
1272 1538 1300 1600 sl

334 1717 386 1783 ὑφ’
406 1716 485 1784 αὐτῇ
505 1720 581 1783 ἔχει·
605 1718 689 1786 μέγα
713 1718 748 1769 δέ
771 1735 823 1769 σοι
841 1718 870 1786 τ]
896 1720 1032 1770 Bekkerus
1054 1725 1113 1786 post
1141 1720 1191 1784 ἔχει
1213 1719 1300 1786 posuit

279 1789 387 1853 signum
406 1788 613 1838 exclamationis.

307 1925 314 1937 ι
331 1857 361 1904 Β.
381 1861 493 1916 τεμοῑν
511 1852 527 1922 ἢ
544 1860 664 1905 καῦσαι
683 1853 884 1920 παρασχεῖν]
904 1862 1048 1919 παρασχεῖν
1065 1860 1159 1905 καῦσαι
1178 1851 1193 1922 ἦ
1212 1862 1300 1916 ταμεῖν

278 1922 409 2040 vmriirbi
428 1987 552 2057 βούλει]
576 1989 620 2041 Sic
644 1991 704 2041 Par.
721 1990 780 2040 IW.
799 1990 877 2040 Vind.
895 1988 933 2054 6.,
957 1990 1026 2055 quod
1049 1991 1198 2041 coniecerat
1218 1991 1300 2042 Hein-

280 2159 315 2210 ad
344 2161 436 2210 urbem
464 2159 648 2224 pertinentium
683 2159 766 2208 muni·
818 2158 862 2209 cit.
887 2159 1054 2224 Comparavit
1079 2159 1300 2210 Heindorsius

278 2233 372 2278 menta
394 2243 529 2292 superesse
551 2233 701 2290 nouantur,
735 2227 767 2276 de
818 2227 949 2292 Aristoph.
971 2226 1058 2278 Nubb.
1082 2243 1106 2277 v.
1126 2225 1184 2279 432.
1202 2229 1299 2295 Vespp.

280 2313 335 2360 qua
355 2310 382 2345 re
399 2312 424 2345 v.
443 2295 541 2346 Ottfr.
557 2295 711 2345 Mueller.
734 2294 767 2344 ad
818 2310 844 2343 v.
862 2293 920 2345 594.

279 2363 380 2414 Leelrii
404 2363 614 2429 Topographiam
641 2363 765 2413 Athenas.
852 2363 915 2427 Gap.
931 2361 978 2415 XI.
1015 2361 1059 2412 El
1076 2360 1181 2412 πάντα
1203 2379 1238 2429 γε
1255 2361 1299 2412 al·

279 2429 383 2497 p..467
406 2446 487 2495 seqq.,
512 2431 540 2480 id
562 2431 665 2482 facilem
688 2429 767 2480 habet
819 2428 1091 2496 δειήε-ἔχιι·-]
1109 2430 1225 2496 Intelligi
1242 2437 1298 2495 pot·

280 2499 486 2564 explicationem
511 2514 604 2560 exeo,
629 2497 698 2563 quod
714 2514 767 2548 me·
818 2504 858 2546 est
887 2513 902 2547 e
930 2498 1106 2562 superioribus
1136 2499 1178 2546 καλ
1202 2499 1299 2558 μᾶλλον

280 2568 343 2617 dius
360 2581 449 2616 murus
467 2574 569 2631 postero
590 2572 711 2631 tempore,
728 2567 767 2615 in·
818 2565 853 2614 ἔτι
873 2580 913 2613 σοι
930 2561 1106 2625 καταφαι’νοιτ’
1130 2563 1164 2614 ἄν
1187 2563 1298 2631 τοιαύτη,

280 2640 383 2686 certum
411 2633 527 2698 quando,
554 2634 655 2687 dirutus
682 2638 708 2683 et
734 2633 767 2683 ad
818 2631 887 2697 quod
914 2633 942 2681 in
975 2633 1024 2682 hoc
1051 2633 1178 2683 sermonis
1205 2649 1299 2699 genero

280 2702 455 2753 instauranda
467 2702 613 2766 antiquiora
623 2700 768 2752 etlirmiora
818 2706 887 2750 recte
904 2700 986 2749 omitti
1004 2701 1095 2765 potuit.
1118 2701 1176 2752 Nisi
1193 2701 1258 2752 forts
1276 2700 1303 2751 sl

282 2775 443 2822 commeatus
465 2768 595 2834 praesidia
618 2775 767 2819 consumtus
818 2784 864 2833 pro
881 2770 1010 2818 utinam
1027 2770 1144 2834 accipere
1161 2769 1252 2831 malis,
1269 2768 1301 2819 dc

282 2845 332 2900 est,
349 2836 486 2888 ruderibus
509 2838 566 2894 eius
582 2836 663 2887 nullis
681 2852 769 2901 super·
819 2850 871 2899 quo
887 2851 938 2886 usu
954 2836 1146 2887 v.Valcken.
1160 2836 1300 2888 adPhoen.

282 2905 390 2958 stitibus
404 2905 471 2965 ideo,
489 2905 551 2968 quia
567 2905 768 2956 omninominus
819 2919 844 2952 v.
862 2901 920 2954 161.
960 2903 1076 2954 Alteram
1098 2904 1225 2955 rationem
1248 2921 1301 2956 arn·

283 2974 379 3024 habuit
413 2973 577 3022 firmamenti.
619 2973 670 3023 Sed
702 2972 768 3023 haec
818 2971 912 3037 plexus
952 2979 992 3021 est
1031 2972 1216 3036 Bekkerus,
1257 2975 1302 3038 qui

284 3043 346 3092 data
368 3041 408 3092 rei
429 3040 597 3106 exponendae
619 3041 769 3106 opportuni·
819 3045 878 3105 post
894 3039 944 3102 ἔχει
960 3039 1124 3090 exclamaudi
1141 3041 1246 3107 signum
1257 3057 1302 3106 po·

283 3117 338 3161 tate
367 3125 446 3174 quam
481 3109 649 3170 brevissime,
679 3124 769 3173 quam·
819 3109 885 3169 suit3
919 3107 1027 3157 alteram
1054 3109 1178 3173 praetulit
1203 3110 1303 3159 Hein-

283 3194 362 3242 quam
379 3193 413 3227 ea
428 3177 537 3227 fortasse
557 3175 679 3226 nonnihil
699 3176 769 3227 vale-
820 3175 959 3236 eortius,
971 3174 1137 3239 quidubitst,
1151 3175 1224 3226 ancl
1233 3177 1301 3243 apud

284 3246 352 3296 bunt
374 3245 409 3294 ad
436 3243 566 3294 tollendas
587 3246 674 3294 varias
702 3247 769 3294 viro·
819 3257 912 3307 prosae
934 3243 1059 3293 orationis
1081 3244 1219 3309 scriptores
1241 3261 1302 3296 nus·
1372 3256 1378 3265 ·

283 3329 342 3365 rum
370 3311 507 3363 doctorum
536 3310 709 3361 dubitationes
743 3319 770 3361 ct
820 3326 898 3375 quam
919 3308 1017 3360 habeat
1038 3311 1205 3361 exclamandi
1222 3313 1244 3361 si
1283 3314 1302 3362 i·

284 3380 488 3441 eontroversias,
511 3377 654 3443 dequibus
671 3395 696 3428 r.
713 3380 770 3429 Va·
819 3378 974 3428 ficationem
991 3378 1024 3427 ct
1043 3378 1155 3428 Matth.
1174 3381 1197 3440 θ.
1207 3378 1241 3430 61
1260 3379 1301 3434 .4.

284 3449 394 3500 lesius
421 3446 455 3498 ad
481 3448 635 3512 Hmpoorat.
659 3448 769 3497 Tiber.
820 3445 881 3496 coll.
903 3447 928 3506 θ.
948 3443 1008 3497 513.
1054 3445 1174 3496 Ceterum
1197 3446 1229 3497 de
1251 3447 1301 3498 hae

286 3515 516 3568 Hemsterhus.
544 3515 670 3565 Aueodot.
693 3516 726 3564 Τ.
748 3515 768 3564 Ι.
821 3514 934 3578 Gorgiae
955 3513 1085 3564 sententia
1108 3514 1178 3565 conl.
1199 3513 1302 3567 Philcb.

284 3602 310 3650 p.
327 3580 379 3635 233
391 3599 462 3647 seqq.
480 3581 520 3633 ed.
538 3583 610 3633 Geel
627 3583 770 3647 Wytten-
820 3597 846 3646 p.
863 3580 920 3642 58„
944 3580 992 3631 ubi
1014 3580 1061 3631 ille
1077 3591 1196 3634 narratur
1217 3583 1302 3633 dicero

287 3651 381 3702 bach.
411 3652 444 3701 ad
474 3650 605 3703 Plutarch.
636 3651 677 3700 De
702 3650 769 3716 glor.
821 3649 1002 3711 consuevisse,
1028 3645 1065 3702 oie
1087 3646 1103 3715 ἡ
1127 3655 1173 3701 τοῦ
1196 3652 1303 3701 salntem

285 3720 382 3770 Athen.
409 3734 432 3768 c.
450 3715 473 3770 l.
497 3733 522 3782 p.
539 3715 598 3768 349.
619 3718 653 3767 D.
671 3719 768 3771 Leak.
822 3714 886 3767 πολὺ
915 3714 1039 3780 διαφέροι
1071 3722 1164 3769 πασῶν
1191 3724 1301 3784 τεχνῶν

285 3789 403 3852 Topogr.
422 3784 517 3835 Athen.
533 3802 559 3849 p.
576 3783 626 3836 467
643 3785 770 3851 seqqibi·
821 3781 903 3834 πάντα
924 3782 975 3851 γὰρ
994 3780 1041 3846 ὑφ’
1065 3783 1144 3868 ἑαυτῇ
1167 3786 1246 3838 δοῦλα
1269 3782 1302 3837 ll

286 3852 770 3919 quecunottt'nhiuellcri,idem
821 3851 951 3912 ἑκόντων,
975 3848 1028 3902 ἀλλ’
1050 3849 1084 3903 οὗ
1102 3853 1145 3904 δια
1167 3855 1228 3919 βίον
1246 3871 1302 3905 ποι·

286 3921 479 3972 Muellerus
503 3921 530 3969 in
548 3921 656 3984 Enoyol.
676 3921 771 3971 Erschi
821 3927 874 3971 οῐτο
902 3920 944 3970 καὶ
974 3926 1066 3987 μακρῷ
1089 3918 1184 3988 ἀρίστη
1211 3927 1304 3973 πασῶν

285 3997 312 4040 et
330 3989 443 4040 Gruberi
460 3988 504 4040 VL
528 4004 553 4053 p.
571 3986 629 4039 223.
651 3997 677 4037 et
698 3990 769 4039 Dies
821 3989 863 4053 εἴη
881 3993 933 4038 τῶν
950 3994 1054 4052 τεχνῶν.

287 4059 328 4107 De
356 4057 525 4107 munimentis
555 4056 715 4106 Athenarum
743 4072 770 4121 p.
854 4057 885 4105 B.
930 4055 1010 4116 μετὰ
1049 4060 1104 4107 τοῦ
1142 4053 1303 4125 ἀδελφοῦ]

285 4124 497 4190 neumega.
508 4122 581 4174 stud.
592 4122 771 4190 histor.p.166
820 4124 855 4176 E
872 4139 895 4172 e.
913 4139 984 4173 cunr
1002 4123 1183 4189 Herodioo,
1201 4124 1234 4176 da
1252 4141 1303 4191 quo

286 4189 685 4311 ΒΕ(14.4.ξὲ844111.νιιιιόντοα
714 4257 770 4311 τὰς
819 4187 1041 4325 ”difficit
1058 4264 1180 4309 καῦσαι
1203 4276 1302 4323 παρα·

288 4325 431 4394 γνώμαν]
481 4326 570 4378 Neues
593 4326 640 4392 τὴν
662 4323 771 4392 γνώμην
823 4324 922 4392 σχεῖν]
941 4326 1230 4378 Blornlieldiuasd
1253 4329 1302 4380 Aa·

287 4395 418 4460 dicuntur,
434 4410 545 4460 quorum
565 4395 694 4445 καταντία
713 4395 771 4445 rin·
821 4393 905 4458 schyl.
927 4394 1020 4461 Agara
1041 4410 1065 4445 v,
1083 4392 1142 4447 82⁶2.
1164 4394 1302 4464 legendum
