3242 5259
325 607 385 665 278
747 597 945 657 PLA'I'ONIS

326 767 459 847 φεύγειν
488 766 542 828 καὶ
572 764 717 838 διώκειν,
749 760 803 825 καὶ
830 756 1036 841 ὑπομένοντα
1062 761 1233 839 καρτερεῖν
1261 753 1343 819 ὅπου

277 865 389 934 Οδεῐ·
417 861 492 937 ὥςτε
521 860 622 943 πολλὴ
651 861 791 940 ἀνάηκη,
823 847 1068 931 ὦΚαίίίκίεις,
1097 855 1155 918 τὸν
1176 847 1341 935 σώφρονα,

327 960 429 1039 ὥςπερ
457 960 649 1041 διήλθομεν,
677 958 802 1021 δίκαιον
829 957 909 1018 ὄντα
929 953 983 1017 καί
1004 952 1155 1034 ἀνδρεῖον
1176 949 1234 1016 καὶ
1255 946 1342 1014 ὅσιον

327 1059 455 1140 ἀγαθὸν
483 1057 586 1135 ἀνδρα
614 1049 696 1119 είναι
723 1049 854 1127 τελέως,
884 1050 942 1115 τδν
970 1051 1004 1114 δὲ
1031 1049 1160 1132 ἀγαθδν
1181 1043 1219 1113 εὖ
1238 1047 1343 1113 τεκαὶ

327 1159 431 1229 καλῶς
467 1154 617 1235 πράττειν
652 1155 673 1214 δ
701 1151 742 1215 διν
771 1152 911 1232 πράττη,
946 1149 1005 1212 τὸν
1033 1143 1063 1210 δ’
1095 1141 1132 1211 εὖ
1161 1148 1344 1229 πράττοντα

327 1253 486 1336 μακάριόν
523 1272 555 1313 τε
593 1249 646 1313 καὶ
683 1249 859 1328 εὐδαίμονα
895 1240 994 1323 εἶναι,
1032 1245 1091 1310 τδν
1127 1243 1162 1309 δὲ
1201 1245 1344 1328 πονηρὸν

327 1348 381 1415 καὶ
402 1352 508 1423 κακῶς
535 1349 715 1427 πράττοντα
747 1352 874 1411 ἀθίιον.
903 1334 998 1419 οὗτος
1025 1340 1058 1407 δ’
1080 1343 1122 1407 ἂν
1144 1343 1194 1423 ste
1217 1343 1236 1408 ὁ
1258 1343 1342 1408 ἐναν-

328 1449 402 1521 τίως
431 1442 511 1528 ἔχων
539 1449 584 1532 τῷ
613 1437 777 1527 σώφρονι,
809 1442 827 1506 δ
855 1443 1046 1517 ἀκόλαστος,
1076 1435 1117 1505 δν
1145 1441 1188 1505 σὺ
1210 1439 1341 1524 ἐπῄνεις.

331 1545 411 1632 Cap.
433 1544 561 1610 LXIII.
602 1538 692 1623 Ἐγὼ
722 1541 780 1624 μὲν
809 1534 870 1604 οὖν
899 1545 1003 1603 ταῦτα
1031 1538 1118 1603 οὕτω
1145 1540 1280 1621 τίθεμαι
1298 1539 1345 1601 καί

332 1668 415 1727 φημι
441 1654 542 1706 ταῦτα
570 1643 677 1725 ἀληθῆ
705 1637 797 1706 είναι.
829 1641 856 1703 εί
877 1639 910 1703 δὲ
932 1636 1018 1703 ἔστιν
1038 1640 1164 1721 ἀληθῆ,
1193 1640 1253 1703 τδν
1275 1640 1343 1720 βου

275 1749 307 1813 D
330 1744 485 1825 λόμενον,
516 1741 559 1815 ὡς
586 1737 707 1817 ἔοικεν,
736 1739 911 1821 εὐδαίμονα
941 1731 1026 1800 εἶναι
1051 1739 1274 1819 σωφροσύνην
1293 1734 1343 1819 μὲν

331 1838 484 1903 διωκτέον
512 1841 565 1902 καὶ
586 1839 760 1920 ἀσκητέον,
790 1836 967 1901 ἀκολασίαν
988 1834 1022 1900 δὲ
1042 1832 1205 1917 φευκτέον
1225 1834 1271 1909 ὡς
1290 1831 1343 1916 ἔχει

332 1938 442 2001 ποδῶν
470 1935 601 2009 ἕκαστος
620 1936 730 2017 ἡμῶν,
760 1934 814 1998 καὶ
832 1933 1114 2013 παρασκευαστέον
1133 1933 1272 2014 μάλιστα
1292 1930 1343 2014 μὲν

384 2137 413 2187 0.
448 2133 606 2199 πράττειν
629 2133 645 2185 ἀ
667 2133 708 2184 ἄν
730 2131 870 2200 πράττη]
899 2134 1007 2195 Sdoece
1030 2132 1103 2199 vulg.
1127 2129 1244 2196 πράττοι.
1284 2132 1343 2183 Cen·

333 2205 478 2255 iunetivum
501 2210 605 2254 tuentur
629 2202 702 2254 codd.
726 2218 815 2253 omnes
838 2206 940 2267 praeter
957 2201 1016 2250 Par.
1034 2201 1067 2251 lt.
1088 2200 1162 2251 Flor.
1179 2217 1201 2252 τ.
1236 2200 1344 2251 Eundem

333 2275 411 2323 etiem
428 2272 519 2321 Iembl.
537 2270 622 2321 habet.

383 2340 479 2390 ταῦτα
502 2337 585 2389 οὕτω
609 2337 757 2404 τίθεμαι]
789 2338 821 2386 V.
845 2335 913 2387 οὕτω
938 2334 1016 2386 ταῦτα
1045 2335 1248 2387 adversantibus
1278 2335 1343 2387 librie

336 2409 440 2473 optimis
458 2413 485 2456 et
500 2408 627 2471 plurimis.

384 2477 416 2526 D.
452 2473 468 2541 ἢ
492 2473 628 2540 ι’διάτηι
652 2470 667 2539 ἢ
690 2470 794 2538 πόλις]
821 2474 881 2523 Βιιε.
898 2470 923 2522 2.
941 2473 1053 2538 πολίτης.
1088 2471 1182 2537 Inepte
1204 2471 1342 2523 Findeieen.

334 2544 400 2594 coni.
419 2540 551 2594 πολιτικός.

369 2712 398 2762 G.
440 2710 495 2761 τὸν
519 2708 539 2760 δ’
569 2703 605 2760 εὖ
632 2707 817 2774 πράττοντα
870 2703 1010 2772 ῥηθέντων
1030 2712 1130 2757 ταῦτα
1145 2707 1293 2758 συνέθεντο
1308 2706 1343 2757 uui

334 2808 368 2816 -
386 2775 575 2838 εὐδαίμονα
597 2771 703 2842 εἶναι]
731 2778 817 2839 Quum
871 2781 968 2826 ταῦτα
991 2773 1110 2824 ἐποίουν.
1139 2775 1227 2827 Plat.
1249 2777 1343 2826 Menon.

334 2845 446 2895 formula
468 2840 500 2895 εδ
523 2844 565 2895 καί
589 2847 671 2897 nates
696 2843 819 2908 πράττειν
868 2858 893 2907 p.
912 2841 953 2894 78.
970 2843 1010 2891 D:
1039 2837 1103 2892 ἀλλὰ
1128 2839 1180 2893 κᾶν
1203 2862 1241 2897 τις
1259 2840 1345 2894 ἀδίκων

336 2913 466 2978 duplicem
483 2913 577 2962 hebeat
593 2912 818 2977 significationem,
869 2906 949 2960 αάιά
968 2911 1113 2975 πορίζηται,
1132 2907 1233 2972 ὁμοίως
1251 2908 1283 2962 οδ
1299 2907 1344 2961 πά-

336 2980 458 3030 uteitvel
471 2985 561 3029 reete
580 2985 608 3028 et
623 2979 705 3030 bene
721 2995 818 3044 egere
870 2975 903 3028 τὰ
921 2974 1018 3043 ἀρετὴν
1035 2979 1129 3030 καίτῑε.

336 3047 379 3096 vel
402 3062 562 3111 prospera
586 3047 636 3096 uti
665 3047 818 3111 fortune,
904 3041 1345 3110 τδνβουίάμενον-ἀοκη·

337 3133 369 3165 ex
392 3114 441 3164 hae
464 3113 632 3180 ambiguitate
656 3115 758 3164 ducitur
780 3131 818 3165 er·
871 3111 956 3180 τέον]
984 3114 1029 3176 ei,
1055 3114 1112 3177 qui
1137 3113 1258 3165 beatus
1283 3129 1346 3164 eeee

336 3183 509 3248 gumentatio:
534 3182 602 3246 quod
625 3182 728 3246 quidem
750 3183 819 3247 apud
870 3182 968 3244 velit,
997 3183 1259 3246 temperantium
1283 3197 1346 3232 τιτι

337 3251 472 3300 Platonem
496 3250 561 3300 alibi
583 3266 686 3315 quoque
708 3251 746 3299 ita
763 3250 820 3300 fieri
871 3246 1043 3299 colendam
1067 3254 1102 3300 et
1127 3251 1347 3303 exercendem.

336 3319 539 3369 demonstratum
567 3326 606 3368 eet
632 3319 664 3367 ed
689 3316 818 3371 Charmid.
870 3317 992 3367 verbalia
1025 3331 1084 3366 eum
1114 3318 1268 3369 accusativo
1296 3334 1349 3369 eon·

336 3403 361 3452 p.
373 3385 430 3437 172.
443 3389 473 3436 A.
492 3387 570 3437 Recte
582 3402 643 3436 vero
655 3386 819 3436 Schleier-
871 3390 976 3435 structe.
990 3400 1015 3433 v.
1032 3383 1064 3434 εδ
1077 3384 1177 3436 Criton.
1185 3402 1213 3451 p.
1225 3384 1267 3440 49.
1279 3387 1310 3437 Δ.
1319 3412 1348 3423 -

337 3456 511 3505 meeherue
540 3455 607 3504 vidit
628 3454 764 3504 Platonem
789 3470 820 3504 eu
871 3449 912 3505 aie
935 3453 999 3515 ἔχει
1022 3451 1147 3512 ποδῶν,
1173 3453 1199 3504 h.
1220 3468 1245 3505 e.
1263 3468 1348 3520 quum

336 3524 364 3571 in
387 3539 415 3573 re
437 3539 490 3573 non
510 3523 626 3572 fraudem
644 3527 670 3572 et
686 3521 820 3572 fallaciam
871 3521 1010 3570 maxime
1028 3525 1145 3583 potest
1180 3522 1224 3570 De
1241 3528 1350 3574 eenetru·

337 3607 393 3640 esse
420 3596 573 3656 sequutum,
605 3589 650 3640 sed
677 3590 704 3639 id
732 3591 819 3654 potius
870 3589 956 3638 ctione
973 3604 998 3636 v.
1016 3588 1130 3638 Matth.
1149 3589 1173 3650 ἓ.
1188 3586 1251 3641 337.

337 3660 435 3724 egisse,
464 3665 494 3709 ut
514 3674 591 3708 usum
613 3657 738 3723 loquendi
764 3672 818 3707 eor·
903 3657 935 3705 D.
954 3656 1003 3704 καί
1021 3655 1350 3724 παρασκευαστΠω·

337 3728 433 3791 rigeret
463 3732 489 3776 et
514 3726 542 3774 in
570 3742 624 3775 rem
655 3741 729 3775 enam
758 3740 819 3774 eon·
869 3723 980 3774 beliuin
996 3726 1056 3775 ᾶιῑν
1072 3724 1214 3774 terminata
1231 3740 1284 3776 non
1300 3730 1351 3774 tun·

337 3799 456 3844 verteret.
474 3794 575 3858 Quippe
589 3794 820 3861 persuaseratpsibi
870 3798 925 3840 tum
942 3808 958 3842 a
973 3792 1060 3843 verbis
1077 3791 1188 3854 eetivie,
1211 3792 1259 3843 ned
1279 3792 1351 3843 etiem

336 3861 507 3926 philosophus
536 3877 594 3911 eum
618 3861 721 3911 demum
744 3859 819 3911 beate
870 3876 886 3909 a
909 3861 995 3910 verbis
1018 3858 1110 3911 mediis
1128 3859 1245 3911 derivari
1262 3861 1352 3912 Hein-

336 3931 438 3992 πίνετε,
473 3928 517 3994 qui
553 3930 618 3978 bene
652 3933 678 3978 et
711 3928 819 3979 honeste
870 3928 1004 3978 dorfiue
1022 3927 1212 3979 demonstrevit
1228 3927 1263 3979 ed
1276 3929 1354 3979 Phne-

337 3993 432 4062 ager‘et.
479 3999 622 4060 Utrumque
656 3996 735 4061 igitur
768 3997 820 4062 ipsi
871 3995 930 4046 don.
953 4011 978 4060 p.
995 3993 1038 4048 46.
1071 3996 1112 4045 De
1139 4010 1192 4061 quo
1219 4011 1271 4047 neu
1295 3992 1353 4061 quid

337 4065 405 4114 idem
425 4069 472 4114 est.
871 4063 1035 4113 statuendum
1065 4063 1111 4126 eit,
1145 4064 1252 4130 egregie
1280 4078 1354 4128 expo·

372 4132 550 4197 Cap.LXIII.
586 4124 820 4198 Ἐγὼμὲνοάν
871 4133 924 4181 suit
946 4132 1156 4182 Hermannue
1180 4129 1353 4198 adflopheel.

339 4206 435 4250 ταῦτα
456 4228 488 4237 -
515 4201 650 4260 τίθεμαι
669 4228 702 4236 -
721 4204 820 4249 ταῦτα
871 4199 935 4251 Oed.
957 4201 1020 4264 Tyr.
1042 4215 1067 4249 v.
1090 4195 1150 4250 628.
1182 4200 1254 4250 conf.
1280 4199 1354 4250 efinn

340 4264 445 4332 ἀληθῆ
474 4262 576 4333 εἶναι]
611 4270 757 4317 Pronomen
786 4270 820 4317 si·
871 4269 1060 4317 Buttmann.
1086 4267 1130 4318 Gr.
1149 4266 1353 4332 amplior.'i¹.1.

338 4335 434 4385 militer
451 4337 586 4401 repetitum
604 4336 750 4400 Xenoph.
769 4337 820 4401 Oy-
871 4352 895 4401 p.
913 4332 971 4385 460.

339 4417 392 4465 rep.
411 4404 486 4465 V111,
505 4401 534 4466 3,
552 4400 598 4452 48:
629 4401 728 4453 τούτων
751 4401 819 4453 οὕτω
905 4399 1001 4455 ἄλλος
1019 4417 1067 4455 τις
1085 4406 1149 4452 τῶν
1167 4394 1355 4467 eluiem?
