3242 5259
321 599 380 654 116
735 592 932 652 PLATONIS

320 755 379 820 τόν
406 756 515 834 ἕτερον
542 755 651 837 ὀρθῶς
678 751 782 834 λέγειν
809 753 894 837 ἢμὴ
915 757 1037 836 σαφῶς,
1057 751 1288 834 χαλεπαίνουσί
1307 771 1338 815 τε

323 855 377 920 καὶ
403 855 484 920 κατὰ
512 854 643 935 φθόνον
669 853 793 916 οἴονται
818 853 877 915 τόν
905 849 1030 916 ἑαυτῶν
1049 848 1168 932 λέγειν,
1202 854 1340 932 φιλονει-

323 960 473 1029 κοῦντας,
494 944 560 1016 ἀλλ’
578 951 618 1015 οὐ
640 954 816 1031 ζητοῦντας
834 951 871 1014 τὸ
892 950 1105 1030 προκείμενον
1125 945 1161 1012 ἐν
1180 952 1227 1035 τῷ
1246 949 1339 1033 λόγῳ.

323 1051 378 1116 rai
399 1049 536 1133 ἔνιοίγε
557 1052 762 1122 τελευτῶντες
783 1047 927 1129 αἴσχιστα
947 1047 1210 1123 ἀπαλλάττονται,
1241 1046 1342 1110 λοιδο-

325 1147 476 1232 ρηθέντες
496 1171 528 1211 τε
549 1147 604 1211 καὶ
625 1147 768 1219 εἰπόντες
787 1144 841 1208 καὶ
861 1147 1057 1220 ακούσαντες
1077 1143 1150 1222 περὶ
1170 1147 1266 1225 σφῶν
1287 1143 1342 1207 αῦ-

324 1251 390 1311 τῶν
404 1253 547 1323 τοιαῦτα,
568 1237 621 1308 οἷα
636 1243 687 1306 καὶ
703 1242 779 1317 τοῦς
792 1244 954 1323 παρόντας
966 1248 1126 1325 ἄχθεσθαι
1145 1241 1228 1322 ὑπὲρ
1250 1246 1343 1325 σφῶν

275 1347 305 1411 Ε
326 1340 445 1420 αὐτῶν,
467 1341 517 1407 ὅτι
540 1344 696 1406 τοιούτων
720 1342 905 1422 ἀνθρώπων
925 1341 1064 1424 ἠξίωσαν
1082 1339 1240 1422 ἀκροαταὶ
1260 1337 1343 1421 γενέ-

327 1447 413 1506 σθαι.
463 1444 530 1505 Τοῦ
557 1438 596 1522 δὴ
624 1437 716 1503 ἕνεκα
741 1435 824 1521 λέγω
850 1449 951 1502 ταῦτα
958 1466 967 1516 3
997 1433 1046 1503 ὅτι
1065 1448 1129 1502 νῦν
1149 1435 1221 1520 ἐμοὶ
1240 1437 1345 1512 δοκεῖς

327 1540 368 1603 σὺ
398 1532 439 1602 οὐ
468 1541 556 1602 πάνυ
587 1539 754 1603 οέιιόλουθα
782 1534 901 1615 λέγειν,
935 1529 1011 1600 οὐδὲ
1041 1536 1203 1618 σύμφωνα
1231 1527 1282 1610 οἶς
1308 1537 1345 1598 τὸ

327 1640 457 1718 πρῶτον
488 1633 590 1718 ἔλεγες
617 1635 689 1717 περὶ
716 1644 773 1716 τῆς
801 1634 980 1717 ῥητορικῆς.
1008 1635 1177 1716 φοβοῦμαι
1204 1627 1267 1698 οὖν
1286 1634 1345 1697 διε-

326 1731 448 1816 λέγχειν
465 1747 508 1810 σε,
530 1735 574 1816 μή
588 1755 626 1813 με
646 1732 813 1815 ὑπολάβῃς
833 1728 874 1796 οὐ
894 1735 975 1811 πρὸς
994 1735 1032 1796 τὸ
1052 1743 1187 1813 πρᾶγμα
1207 1735 1345 1813 φιλονει-

328 1842 448 1896 κοῦντα
475 1831 578 1912 λέγειν
607 1837 667 1895 τοῦ
694 1828 877 1912 καταφανὲς
897 1828 1067 1912 γενέσθαι,
1096 1829 1177 1893 ἀλλὰ
1197 1832 1280 1912 πρὸς
1299 1829 1343 1893 σε’.

328 2012 386 2067 347.
403 2014 537 2065 Matthiae.
548 2015 593 2065 Gr.
607 2016 630 2075 ἓ.
643 2012 701 2068 294.
719 2021 746 2065 et
762 2021 851 2065 nostra
868 2014 902 2066 ad
919 2014 1018 2080 Cratyl.
1035 2031 1063 2079 p
1072 2011 1131 2066 387.
1142 2014 1171 2065 0.
1164 2050 1180 2078 .,
1198 2029 1268 2079 quae
1284 2014 1344 2065 hine

329 2084 446 2150 augebis,
463 2084 574 2148 infrap
592 2081 701 2133 47814

379 2153 408 2201 Ρ.
425 2149 484 2203 458.
520 2100 566 2201 rip
573 2168 599 2199 τι
617 2147 655 2215 μὴ
673 2147 798 2215 ἀληθὲς
816 2148 912 2216 λέγω]
936 2150 1004 2200 Vett
1021 2149 1288 2216 ed1ttetHiraohrg
1306 2147 1344 2199 λε’-

363 2321 397 2370 D.
432 2317 447 2384 ἢ
470 2315 509 2384 μὴ
533 2318 661 2386 σαφῶς]
691 2318 812 2384 intellige
863 2318 930 2369 sind.
951 2318 1167 2369 Coniunctionem
1178 2319 1255 2368 verbi
1271 2316 1346 2382 ἄχθε-

329 2404 363 2438 ex
379 2386 592 2438 antecedentibus
611 2393 661 2452 φῇ,
685 2393 714 2436 ut
736 2402 812 2451 saepe
864 2388 928 2436 οθιιι
940 2403 999 2438 oum
1011 2387 1160 2436 accusativo
1177 2387 1216 2437 rei
1233 2387 1347 2437 iilustra-

329 2456 415 2506 solent
432 2472 446 2506 e
460 2456 546 2505 verbis
563 2454 719 2521 negantibus
736 2454 812 2504 intel·
862 2455 948 2504 vimus
965 2455 998 2505 ad
1015 2453 1181 2540 Phaedonp
1183 2452 1242 2507 .88.
1254 2455 1285 2505 Ε.
1306 2456 1345 2505 De

329 2523 437 2590 ligenda
446 2523 559 2589 relinqui
569 2524 650 2573 verba
664 2523 768 2572 aientia.
786 2539 811 2573 v.
862 2522 991 2571 infinitivo
1017 2529 1076 2587 post
1097 2518 1142 2573 οἶοι
1168 2522 1243 2574 illato
1265 2539 1290 2572 v.
1313 2521 1345 2572 ad

330 2592 500 2642 Heindorf.
518 2591 594 2641 adh.
611 2591 629 2641 l.
647 2591 705 2641 coll.
723 2596 812 2640 annot.
863 2590 1027 2656 Sympoap.
1049 2588 1109 2641 211.
1132 2591 1160 2639 Β.
1187 2590 1249 2641 οολλ.
1272 2592 1345 2641 Mat·

331 2660 365 2709 ad
387 2660 506 2724 Sympos
527 2676 553 2724 p.
571 2658 628 2709 192.
645 2660 675 2708 Ε.
711 2658 812 2709 Deinde

331 2726 383 2776 rai
416 2726 493 2775 κατὰ
520 2723 653 2788 φθόνοι
678 2727 812 2776 οἴονται

331 2790 388 2843 τὸν
410 2794 536 2843 ἑαυτῶν
559 2793 666 2855 dieitur,
688 2795 812 2879 quoniam

331 2856 364 2911 ad
386 2862 488 2910 οἴονται
510 2866 595 2910 mente
612 2858 811 2926 eogrtandum
797 2880 810 2909 ο

332 2929 421 2992 ἕτερος
440 2924 486 2976 τόν
503 2929 602 2990 ἕτερον.
638 2928 713 2979 Unde
734 2931 812 2979 etiam

330 2995 529 3061 explicationem
551 2995 631 3045 hebet
647 2998 812 3047 aecusativus

330 3067 549 3126 φιλοιεικοῦιτιις,
561 3058 613 3113 itt
623 3082 656 3113 ου
648 3060 812 3130 ’ζητοῖ·ι“·ιιιε,

331 3148 406 3196 quem
435 3146 500 3181 eave
528 3148 588 3182 oum
614 3133 812 3199 Hirsohigio

330 3200 359 3248 in
387 3200 575 3249 nominativum
603 3202 814 3261 φιλοιεικοῦνιεε

331 3273 357 3317 et
366 3268 511 3347 ,ζητοῦντες
528 3270 678 3318 mutaveris
708 3271 814 3320 Poterat

331 3336 401 3384 enim
426 3336 479 3386 diei
503 3337 553 3387 hoo
573 3336 664 3387 modo:
694 3338 775 3386 οιιται
799 3332 814 3386 ὁ

330 3403 419 3487 ἕτερος
442 3400 488 3454 τὸν
509 3405 601 3468 ἕτερον
624 3401 685 3454 κατὰ
703 3403 814 3466 φθόνον

330 3468 377 3521 τὸν
393 3471 489 3523 ἑαυτοῦ
505 3472 589 3538 λέγειν
606 3474 812 3557 φιλονεικοῦντα

329 3535 381 3589 ἀλλ’
400 3536 432 3588 ori
450 3541 577 3604 ζητοῦντα
594 3537 621 3589 τὸ
639 3544 814 3603 προκείμενον

332 3605 363 3656 ἐν
385 3625 420 3673 τῳ
441 3605 516 3673 λόγῳ.
552 3609 649 3658 Verum
672 3609 768 3658 vidit
760 3625 813 3658 ram

331 3674 563 3725 Heindorsius.
598 3677 638 3724 De
656 3691 681 3724 v.
699 3679 812 3737 φιλονει-

330 3750 388 3792 κεῖν
414 3759 439 3791 v.
462 3742 594 3792 Phaedon.
616 3760 641 3808 p.
659 3741 700 3793 91.
724 3743 757 3794 A.
779 3772 814 3781 -

330 3808 611 3890 λοιδορφθέντεε,
647 3812 812 3861 conviciis

329 3879 478 3940 onerati,
507 3884 680 3942 postquam
709 3895 743 3928 se
768 3880 814 3928 in-

330 3947 436 3996 vicem
453 3946 629 3996 eonvioiis
646 3946 813 4028 proscide-

329 4019 469 4064 runt-
491 4009 652 4063 οιακαλτ.
671 4032 696 4063 π.
715 4009 811 4094 όχόε-

331 4076 443 4131 οῦαι”
428 4099 475 4130 υτ.
496 4097 547 4143 οφ.
566 4077 645 4142 αότ.
663 4083 812 4132 utetiam

328 4154 526 4214 praesentes
544 4165 601 4199 sua
618 4165 743 4200 causae
765 4151 812 4200 in·

327 4215 520 4281 dignentur,
549 4217 633 4281 quod
659 4224 722 4281 ete,
751 4218 812 4267 ιλοιι

327 4284 394 4333 anob
418 4285 459 4334 dio
477 4286 650 4335 Auroeaendeu
672 4303 717 4335 ιινι
741 4285 812 4335 ihrer

326 4349 399 4400 ιολόιι
416 4352 497 4402 rrillen
514 4353 627 4403 ιλονῦόιι·
640 4354 812 4419 auzafrieden

862 2659 964 2708 thiae
993 2659 1038 2707 Gr.
1067 2660 1090 2719 ξ.
1117 2655 1177 2709 535.
1226 2658 1345 2724 Denique

862 2721 1032 2789 ἄχθεσθαι
1017 2725 1084 2788 ιπὲρ
1103 2725 1199 2776 ἑαυτοῦ
1221 2727 1260 2775 sio
1282 2727 1347 2776 dixit

863 2795 942 2844 etiam
967 2793 1135 2878 Aristoph.
1159 2794 1345 2858 Lysishatv.

864 2860 910 2912 10·
928 2857 1025 2910 πόλλ’*
1010 2861 1077 2925 νπὲρ
1097 2857 1169 2926 ἡμῶν
1187 2866 1240 2911 τιῦν
1256 2879 1344 2928 γυναι·

864 2935 916 2978 ιῦν
933 2926 1059 2994 ἄχθομαι,
1082 2928 1116 2979 ab
1138 2929 1344 2980 Heindorfio

863 3003 1034 3062 comparatus.
1061 2998 1116 3048 Neo
1132 2998 1170 3046 ita
1186 3014 1262 3048 rarus
1280 2996 1346 3063 apud

863 3066 948 3130 ipsum
980 3065 1117 3115 Platonem
1148 3066 1192 3114 hio
1222 3066 1345 3116 formulae

863 3149 927 3184 uana
941 3139 988 3182 est
1003 3149 1028 3182 v
1041 3132 1118 3199 ApoL
1131 3133 1238 3199 Soonp
1241 3132 1303 3186 .23.
1318 3134 1347 3183 Ε.

864 3201 996 3251 Phaedon
1010 3218 1038 3284 p.
1055 3199 1096 3252 61.
1114 3201 1144 3250 Ε.
1164 3200 1256 3264 ibique
1272 3219 1332 3252 ann.

898 3270 929 3318 E.
963 3274 1021 3318 τοῦ
1046 3268 1237 3331 καταφανὲς
1261 3267 1346 3336 γενέ-

867 3335 959 3402 σθαι]
1002 3351 1040 3384 ne
1074 3338 1270 3401 auspiceris
1305 3353 1348 3387 me

864 3405 1130 3454 nonreioansaa
1147 3405 1348 3456 contenden-

865 3478 928 3522 tem
951 3471 1081 3534 dicere
1111 3477 1145 3522 ut
1165 3474 1349 3524 manifesta

865 3540 942 3600 fiat,
964 3539 1244 3591 sedtuaoaussa.
1279 3542 1348 3591 Infra

864 3624 889 3672 p.
907 3605 965 3689 509.
987 3609 1026 3657 D.
1054 3604 1103 3657 ἐὰν
1129 3606 1241 3669 δύναμιν
1267 3626 1348 3673 παρα·

866 3673 1022 3739 οκειάσηιοιι
1052 3680 1098 3725 τοῦ
1129 3673 1163 3740 μὴ
1188 3671 1349 3727 ἇδικειοθιιι

864 3744 1028 3792 Demosth.
1055 3745 1095 3794 De
1121 3743 1215 3794 Coton.
1243 3762 1267 3828 p.
1291 3743 1348 3796 262.

864 3810 903 3860 ed.
927 3811 1029 3860 Reisk..
1052 3802 1107 3874 ἆρά
1124 3828 1154 3873 γε
1161 3809 1269 3894 σμικρὰ
1286 3809 1349 3862 ciru-

864 3875 982 3928 λιῦσαι“
966 3896 999 3927 αν
1022 3883 1067 3928 τοῦ
1088 3875 1122 3943 μὴ
1141 3875 1171 3929 ιὰ
1189 3879 1277 3929 δίκαια
1295 3898 1350 3930 ποι·

864 3953 907 3996 εῖν
929 3946 958 3995 oi
984 3943 1101 3996 niedseor
1124 3947 1200 4013 t(soil.
1224 3947 1350 4011 δοκοῦσι).

864 4032 889 4064 v.
906 4015 1037 4075 Rost§.
1054 4013 1111 4065 109.
1128 4014 1219 4068 notl.
1237 4016 1350 4067 Matth.

865 4084 888 4143 §-
906 4080 964 4133 540.
983 4088 1036 4131 not.

876 4143 1348 4232 ειἰιὲνκο1ο6εἶτ.όιιθρ.

864 4209 976 4279 ὦνπερ
995 4219 1047 4266 καλ
1050 4215 1144 4304 ἱἐγιό]
1168 4218 1349 4284 Euthyphron.

863 4302 888 4349 p.
911 4285 934 4335 6.
959 4287 996 4334 A.
1029 4292 1077 4334 ιιν
1102 4304 1151 4335 ουν
1176 4286 1203 4335 εἰ
1229 4288 1282 4337 καὶ
1308 4286 1348 4336 οολ

865 4358 941 4402 ταῦτα
964 4352 1143 4415 ξυιόοιιεῐ-
1111 4382 1158 4410 -,
1181 4349 1284 4420 όιῶγκη
1308 4351 1349 4418 δή,
