3242 5259
406 601 423 659 7
428 606 445 657 0
770 591 1071 657 PROLEGOMENA

409 765 570 826 studiosius
593 762 795 822 elaboravisse.
838 760 1033 823 Quamobrem
1053 779 1121 819 eum
1141 757 1300 821 verisimile
1322 763 1368 819 est
1388 759 1432 819 illi

411 871 475 911 sese
503 853 607 926 postea
635 848 750 904 demum
779 846 810 902 in
839 844 959 904 Graecia
987 843 1176 903 commoranti
1203 843 1315 902 socium
1342 848 1431 922 atque

410 935 545 999 ¹comitem
566 931 748 1002 adiunxisse,
777 929 888 989 scilieet
915 928 994 987 illius
1014 929 1116 989 laudes
1143 929 1192 988 vel
1212 928 1430 989 aemulatum

411 1020 459 1081 vel
479 1016 727 1094 participaturum
770 1014 856 1077 Quod
877 1014 992 1092 quando
1013 1018 1044 1071 et
1065 1033 1123 1091 qua
1142 1032 1241 1073 rerum
1262 1013 1429 1076 conditione

410 1105 453 1163 ita
473 1104 584 1161 factum
604 1100 655 1173 sit,
684 1105 798 1158 tacente
819 1098 942 1157 historia
967 1117 1026 1155 non
1045 1098 1165 1158 ridetur
1185 1096 1293 1157 certius
1314 1097 1430 1163 definiri

411 1208 503 1266 posse.
552 1185 685 1243 Firmant
710 1188 810 1243 tamen
838 1183 1046 1261 quodammodo
1075 1182 1271 1241 coniecturam
1299 1189 1431 1243 nostram

414 1293 489 1351 quae
517 1271 608 1329 habet
633 1269 869 1327 scholiastes
898 1269 935 1326 ad
955 1267 1030 1326 Plat.
1051 1268 1218 1326 Phaedrum
1243 1287 1272 1344 p.
1295 1268 1367 1335 267,
1389 1269 1429 1344 0.,

413 1357 476 1417 Poli
489 1355 661 1430 magistrum
672 1373 792 1411 narrans
806 1352 896 1411 fuisse
911 1352 1103 1430 Licymnium,
1125 1353 1161 1411 de
1182 1371 1240 1431 quo
1261 1372 1290 1411 v.
1305 1351 1430 1430 interpp.

414 1443 451 1500 ad
479 1441 601 1498 Phaedr.
629 1438 647 1495 l.
670 1457 708 1508 c,
738 1457 914 1515 quamquam
941 1437 1095 1514 Dionys.
1124 1436 1207 1497 Hal.
1234 1437 1305 1514 Lys.
1336 1438 1364 1497 7.
1394 1439 1430 1497 dc

414 1524 566 1601 Licymnio
594 1528 630 1582 ut
657 1522 850 1598 condiscipulo
880 1521 943 1580 Peli
971 1521 1109 1600 loquitur.
1163 1522 1226 1580 Nec
1253 1540 1324 1581 vcro
1351 1523 1431 1582 lectu

416 1609 536 1683 indigna
549 1612 619 1666 sunt
631 1625 705 1684 quae
720 1606 835 1682 scripsit
854 1606 1081 1666 Philostrat.
1095 1605 1156 1665 vit.
1171 1605 1299 1682 Sophist.
1315 1626 1345 1683 p.
1358 1608 1430 1667 497.

420 1699 517 1750 .-.·16.
539 1694 583 1751 ed.
605 1693 742 1768 Kayser:
765 1689 879 1749 Πῶλον
901 1687 935 1749 δὲ
956 1686 1010 1750 τὸν
1019 1684 1248 1770 Ἀκραγαντῖνον
1261 1687 1395 1770 Γοργίας
1414 1686 1431 1751 ὁ

423 1773 570 1857 σοφιστὴς
590 1772 842 1852 dignitatisque
862 1776 991 1847 πολλῶν,
1012 1767 1054 1845 ὥς
1070 1794 1155 1854 φασι,
1173 1770 1358 1855 χρημάτων·
1380 1774 1430 1836 καὶ

419 1858 476 1940 γὰρ
497 1849 602 1939 ἦνκαὶ
624 1863 686 1920 τῶν
712 1854 926 1919 πλουτούντων
947 1855 963 1920 ὅ
985 1859 1112 1933 Πῶλος,
1140 1879 1197 1938 qno
1224 1860 1286 1919 loco
1307 1879 1368 1919 non
1389 1866 1431 1920 te-

418 1966 496 2004 mere
521 1945 647 2021 positum
675 1945 792 2004 videtur
820 1947 943 2004 verbum
969 1941 1138 2021 ἐκμελετᾶν,
1166 1964 1223 2023 quo
1252 1945 1433 2020 significatur

417 2032 520 2090 Polum
535 2050 552 2088 a
566 2029 672 2104 Gorgia
686 2031 803 2088 demum
818 2030 854 2086 ad
868 2030 939 2088 artis
952 2029 1159 2107 perfectionem
1172 2048 1236 2088 esse
1250 2030 1431 2106 perductum,

418 2116 525 2194 quippe
552 2115 603 2193 qui
624 2133 686 2172 sese
712 2113 870 2189 posteriore
890 2115 969 2173 vitae
997 2118 1092 2172 aetate
1113 2114 1146 2172 in
1166 2114 1229 2173 eius
1250 2114 1432 2191 disciplinam

417 2199 584 2258 tradidisset
605 2204 691 2257 antea
712 2198 770 2256 alia
790 2218 861 2256 usus
881 2198 1076 2257 institutione.
1126 2199 1209 2263 Haec
1228 2219 1299 2258 vero
1320 2199 1346 2261 si
1367 2219 1432 2276 pro·

418 2283 554 2342 habiliter
574 2283 733 2341 coniectata
747 2286 824 2354 sunt,
846 2290 947 2359 sponte
968 2282 1155 2361 consequitur
1174 2303 1212 2341 ne
1230 2283 1295 2342 Poli
1315 2285 1433 2362 quidem
1456 2345 1462 2357 ,

420 2374 454 2427 ut
474 2367 637 2427 fervidioris
657 2367 767 2441 ingenii
788 2367 903 2426 iuvenis
931 2368 1107 2426 mentionem
1133 2367 1302 2427 idemtidem
1319 2368 1355 2426 in
1376 2389 1433 2428 ser-

421 2473 504 2510 mono
527 2452 663 2510 iniectam
684 2451 843 2530 quidquam
862 2453 986 2524 habere,
1015 2453 1093 2530 quod
1114 2472 1163 2512 eas
1190 2472 1264 2531 quas
1283 2453 1434 2530 posuimus

420 2537 546 2596 rationes
568 2536 674 2610 dialogi
695 2537 909 2611 chronologicas
937 2536 1039 2596 dubias
1067 2543 1119 2596 aut
1139 2542 1288 2614 suspectas
1315 2539 1435 2603 reddere

441 2622 519 2680 ossit.

420 2643 439 2698 p
482 2704 751 2764 Demonstravimus
778 2704 868 2778 igitur
894 2704 1050 2776 hactenus,
1079 2704 1130 2762 ubi
1151 2705 1298 2782 dialogum
1319 2708 1432 2786 Olymp

424 2793 472 2858 93,
495 2794 523 2846 4.
546 2808 586 2839 =
609 2793 668 2846 405
693 2807 717 2845 a.
740 2788 806 2845 Chr.
837 2788 972 2847 habitum
994 2808 1056 2848 esse
1077 2794 1228 2865 putamus,
1257 2792 1341 2852 varia
1362 2799 1432 2853 tem-

420 2891 523 2949 porum
543 2870 650 2929 indicia
678 2871 726 2929 hio
747 2876 777 2931 et
804 2871 864 2931 illic
891 2872 923 2930 in
950 2892 983 2932 eo
1011 2873 1138 2949 prodita,
1167 2877 1322 2936 dnmmodo
1350 2898 1431 2937 aecu-

420 2956 513 3013 ratius
540 2974 682 3033 perpensa
710 2955 834 3027 fuerint,
863 2956 937 3014 nihil
962 2958 1121 3036 quidquam
1149 2961 1253 3020 afferre
1273 2961 1432 3034 molestiae,

422 3040 528 3117 quippe
557 3058 648 3117 quum
675 3039 754 3098 illius
781 3042 919 3118 temporis
946 3044 1100 3103 memoriae
1135 3045 1221 3120 plane
1249 3047 1431 3111 conveniant

422 3123 507 3186 Quod
527 3124 655 3200 profecto
675 3123 817 3183 eiusmodi
844 3132 904 3198 est,
933 3127 1068 3186 utillum
1096 3149 1184 3189 unam
1210 3130 1356 3193 rationem
1382 3152 1432 3210 pro

421 3227 492 3268 vera
511 3209 688 3284 probandam
708 3229 770 3281 esse
791 3215 908 3285 arguat,
937 3231 1028 3289 quum
1048 3213 1122 3273 aliae
1143 3215 1305 3275 sententiae
1325 3218 1382 3276 hac
1401 3218 1432 3275 in

421 3311 523 3351 caussa
543 3293 671 3369 prolatae
692 3294 827 3353 maximis
847 3302 1016 3370 premantur
1035 3297 1265 3365 difficultatibus.
1295 3302 1433 3378 Superest

420 3376 510 3451 igitur
531 3379 585 3435 hoc
605 3397 705 3455 unum,
726 3383 760 3438 ut
781 3379 869 3438 etiam
890 3381 1100 3440 ostendendum
1119 3383 1159 3442 sit
1178 3383 1310 3445 universi
1338 3387 1431 3464 operis

420 3468 622 3536 argumentum
658 3462 727 3519 huic
754 3463 876 3539 tempori
910 3465 995 3540 plane
1024 3486 1087 3526 esse
1115 3468 1305 3544 conveniens,
1342 3491 1432 3550 quum

419 3546 496 3604 idem
517 3547 582 3605 aliis
603 3546 794 3623 temporibus,
824 3549 930 3626 quibus
950 3550 1007 3610 viri
1032 3551 1109 3611 docti
1130 3553 1277 3628 dialogum
1303 3556 1431 3632 assigna-

420 3637 541 3703 verunt,
563 3651 667 3707 parum
688 3651 845 3707 congruere
866 3634 1093 3694 existimandum
1112 3637 1160 3697 sit.
1202 3637 1288 3705 Quod
1316 3641 1432 3719 quidem

419 3714 488 3773 licet
516 3716 553 3773 ad
575 3734 639 3774 eam
666 3735 753 3793 quam
781 3718 962 3779 defendimus
996 3740 1128 3781 caussam
1154 3723 1342 3785 obtinendam
1369 3726 1431 3804 plu·

419 3798 526 3857 rimum
546 3801 685 3859 momenti
705 3802 800 3860 facere
821 3809 924 3879 sponte
945 3812 1098 3882 appareat,
1125 3811 1223 3867 tanam
1250 3829 1313 3869 ram
1333 3811 1431 3889 dispu-

419 3884 529 3942 tatione
550 3884 721 3944 brerissima
742 3888 892 3947 absolvere
914 3890 1079 3950 consultum
1106 3892 1262 3966 duximus,
1288 3894 1430 3973 siquidem

419 3987 478 4026 non
500 3989 571 4045 opus
592 3974 652 4041 est,
681 3977 714 4028 ut
735 3971 832 4031 omnia
852 3978 940 4051 atque
961 3974 1090 4050 singula,
1120 3996 1196 4055 quae
1217 3979 1276 4036 hue
1302 3981 1430 4042 revocari

419 4053 540 4127 possint,
562 4053 701 4129 singulari
723 4075 810 4131 opera
830 4077 1045 4136 persequamur.
1085 4062 1209 4125 Videtur
1228 4067 1327 4122 autem
1347 4066 1430 4125 nobis

420 4157 519 4196 eorum
540 4139 661 4210 rationi,
692 4140 742 4217 qui
770 4140 917 4218 dialogum
944 4145 981 4202 ad
1002 4145 1071 4204 belli
1090 4147 1326 4224 Peloponnesiaci
1346 4149 1430 4208 initia

419 4223 466 4281 vel
488 4225 525 4282 ad
547 4223 670 4300 Gorgiae
699 4225 873 4299 legationem
901 4247 935 4286 ac
961 4229 1118 4290 finitimum
1146 4232 1174 4290 ei
1201 4238 1317 4309 tempus
1338 4239 1429 4294 rettu-

419 4305 524 4381 lerunt,
545 4308 609 4385 ipsa
629 4309 758 4369 universi
780 4312 874 4387 operis
895 4333 1007 4383 summa
1027 4316 1092 4374 ideo
1112 4317 1268 4391 adversari,
1288 4318 1360 4396 quia
1378 4319 1429 4380 illa

418 4397 513 4452 catate
533 4414 627 4474 neque
649 4394 762 4455 Siculae
784 4396 967 4478 eloquentiae
988 4419 1006 4459 a
1027 4402 1134 4478 Gorgia
1160 4402 1193 4465 in
1213 4403 1345 4465 Atticam
1364 4425 1427 4486 per·
