3242 5259
345 598 403 653 140
751 593 947 654 PLATONIS

341 757 523 839 στοχάζεται
551 760 630 821 ἄνευ
656 767 715 821 τοὺ
739 809 740 812 .
752 758 934 838 βελτίστου·
973 754 1086 840 τέχνην
1113 757 1147 822 δὲ
1178 756 1282 841 αὐτὴν
1316 762 1350 822 οὐ

342 877 422 937 φημι
445 848 543 932 είναι,
574 848 638 920 ἀλλ’
661 854 843 938 ἐμπειρίαν,
874 850 922 920 ὅτι
942 857 1003 920 οὐκ
1023 851 1085 938 ἔχει
1102 857 1206 937 λόχον
1220 854 1350 931 οὐδένα,

342 952 554 1036 ἃπροςφέρει
573 947 659 1018 ὁποῖ’
677 958 755 1018 ἄττα
786 951 847 1037 τὴν
866 955 968 1036 φύσιν
988 953 1091 1032 ἐστίν,
1124 949 1202 1030 olm
1230 953 1292 1038 τὴν
1310 956 1350 1019 al·

341 1051 413 1115 τίαν
433 1049 569 1116 ἑκάστου
589 1052 632 1135 μὴ
662 1049 743 1136 ἔχειν
772 1054 880 1117 εἰπεῖν.
911 1051 973 1134 ἐγὼ
1000 1049 1035 1116 δὲ
1062 1051 1179 1136 τέχνην
1207 1047 1249 1138 οὐ
1269 1058 1350 1118 καλῶ

341 1150 359 1213 ὃ
380 1149 421 1213 ἂν
442 1145 464 1232 ᾗ
485 1154 606 1232 ἄλοχον
627 1162 767 1234 πρᾶγμα.
795 1152 921 1215 τούτων
945 1149 979 1214 δὲ
999 1146 1072 1234 πέρι
1090 1151 1125 1214 εἰ·
1138 1151 1351 1236 ἀμφιςβητεῑς,

340 1247 441 1313 ἐθέλω
462 1248 614 1331 ὑποσχεῖν
634 1250 741 1331 λόγον.

405 1347 485 1436 Cap.
508 1348 586 1415 XX.
651 1353 698 1433 Τῇ
727 1349 786 1433 μὲν
807 1343 868 1414 οὖν
898 1351 1045 1432 ιάτρικῇ,
1074 1343 1177 1440 ὥςπερ
1204 1348 1350 1440 λέγει’,ἡ

277 1448 306 1513 Β
342 1447 515 1531 ὀψοποιικὴ
544 1449 692 1513 κολακεία
720 1449 900 1518 ὖπὼιειται·
932 1446 1026 1531 epti
1052 1459 1256 1532 γυμναστικῇ
1277 1447 1352 1515 κατὰ

390 1668 419 1716 Ρ.
437 1665 494 1720 465.
531 1686 654 1734 τεχνην
678 1667 713 1718 δὲ
736 1663 849 1734 αὐτὴν]
884 1668 942 1718 Ρει.
968 1668 987 1718 Ι.
1011 1683 1070 1719 eum
1092 1667 1132 1718 ed.
1154 1669 1217 1720 Bes.
1235 1667 1261 1721 2.
1285 1665 1352 1727 αὐτό

340 1735 410 1818 quod
427 1735 571 1818 Stephanus
590 1753 691 1802 quoque
708 1737 736 1786 in
754 1736 809 1786 eod.
829 1737 917 1821 aliquo,
934 1738 1051 1818 repperit
1069 1735 1149 1786 Dedit
1166 1737 1194 1786 id
1211 1738 1351 1788 Bekkerus

390 1799 407 1852 ἃ
425 1821 508 1889 spos
519 1802 624 1886 φέρει]
656 1806 724 1855 Vett.
742 1803 846 1855 editt*
831 1823 868 1855 οτι
886 1801 935 1854 οὐκ
952 1805 1002 1869 ἔχει
1019 1801 1098 1871 λόχον
1115 1798 1260 1855 ‘addeins'
1237 1825 1258 1874 ῳ
1278 1823 1352 1888 προς·

342 1869 419 1936 φέρει
442 1871 458 1923 ἃ
477 1870 637 1936 προεφέριι,
659 1873 728 1937 quod
751 1879 835 1924 ortum
858 1880 898 1923 est
919 1890 952 1923 ex
970 1872 1148 1938 διττοχραφίρι.
1183 1858 1352 1926 Eieeimns'
1334 1893 1351 1941 ῳ

341 1938 495 2024 προσφέρει,
514 1957 591 2007 quam
607 1941 973 2003 rationemfirmatAristides,
981 1942 1036 2022 qni
1052 1957 1098 2006 pro
1116 1934 1198 1991 his
1175 1960 1196 2007 ῳ
1209 1940 1353 2026 προσφέρει

340 2004 357 2057 ἃ
375 2007 520 2073 προσφέρει
537 2009 616 2060 habet
643 2007 858 2060 tantunsmodo“
844 2029 858 2060 ο
883 2005 1041 2074 προσφέρει.
1071 2006 1193 2059 Verba‘'
1176 2029 1194 2060 α
1211 2009 1354 2077 προσφέρει
1398 2026 1400 2031 ’

340 2093 389 2126 οιιι.
407 2079 463 2128 Par.
479 2078 540 2128 IW.
559 2077 699 2128 Comarins
716 2080 805 2129 eiectis
822 2077 1354 2162 verb1s1nut1hbuseersbendumputabat

341 2137 380 2194 ὦν
399 2144 558 2210 προιφὲρει,
583 2152 612 2195 ιιι
628 2146 763 2197 οιιιιιοιιιιιι
780 2148 863 2197 Bekk.
881 2149 957 2197 Turr
975 2147 1064 2196 Herm.
1099 2139 1189 2196 Sedr
1166 2164 1207 2196 ων
1225 2150 1288 2199 feni
1304 2164 1352 2198 ιιοιι

279 2246 281 2251 -
340 2230 372 2279 ρο
374 2221 425 2264 test
431 2221 589 2280 ,propterea
606 2215 674 2280 quod
692 2212 802 2281 λόγον”
788 2233 856 2279 εχειν
874 2218 937 2280 περί
953 2233 1030 2272 τινος,
1048 2230 1101 2264 non
1118 2215 1180 2265 item
1199 2214 1354 2283 λογονέχειι

342 2279 410 2336 τινός
431 2252 486 2334 'diei
509 2283 582 2335 solet.
627 2285 717 2348 Itaque
740 2283 824 2333 deleto
848 2291 907 2349 post
928 2279 1075 2348 προσφέρει
1099 2291 1228 2369 commate
1251 2301 1354 2337 aecusa-

341 2351 423 2401 tivum
441 2349 457 2401 ἃ
473 2352 613 2436 tenuimus,
629 2359 659 2402 ut
676 2352 834 2433 constructio
851 2351 989 2403 verborum
1007 2350 1070 2401 haee
1083 2352 1131 2401 sit.
1149 2347 1199 2403 ndu
1216 2353 1267 2418 ἔχει
1279 2351 1353 2419 λόγον

342 2415 456 2481 οὐδένα
467 2417 543 2470 ὁποῖ’
556 2416 617 2470 ἄττα
635 2417 681 2487 τὴν
700 2417 784 2483 φύσιν
778 2417 908 2469 ε’στιι·“
892 2439 908 2470 οι
927 2416 1082 2484 προσφέρει.
1110 2420 1180 2470 Fieri
1198 2427 1287 2472 tamen
1303 2428 1355 2487 pot·

342 2497 388 2552 est,
407 2491 480 2538 utin
497 2488 622 2539 librorum
640 2489 770 2539 communi
788 2489 840 2538 fere
858 2489 985 2553 scriptura
1002 2486 1074 2538 aliud
1091 2488 1153 2552 quid
1169 2489 1259 2540 lateat.
1287 2491 1356 2542 Soita

342 2567 381 2607 est
399 2559 549 2609 coniectura
565 2557 735 2608 Hoenebeeki
757 2557 876 2606 Hissink.
901 2556 1093 2607 Animadverss.
1121 2558 1179 2607 οιιι.
1197 2559 1354 2610 Deventriae

341 2624 456 2677 ιι.1845
465 2642 498 2708 p.
517 2623 559 2676 44.
576 2642 621 2691 pro
640 2622 739 2676 ουδένοι
756 2625 901 2710 legendum,
913 2623 1006 2674 δοῦναι
1023 2625 1146 2707 putantis

392 2695 421 2743 B.
500 2688 685 2759 ὀψοποιικὴ
713 2693 786 2760 ποι]
829 2695 859 2743 V.
888 2689 1071 2759 ὀφοποιητική,
1101 2700 1130 2742 ιιι
1157 2693 1265 2758 ubique.
1305 2696 1355 2745 Hie

341 2777 443 2826 quoque
457 2689 530 2811 dona
546 2777 606 2826 pers
624 2760 748 2812 librorum
774 2762 882 2813 alteram
904 2762 1056 2826 scripturam
1077 2768 1179 2824 tuetur,
1201 2764 1271 2814 inter
1293 2779 1356 2828 qnos

340 2845 429 2879 rursus
452 2837 513 2879 sunt
535 2830 640 2894 optimi,
664 2829 765 2893 Clark„
792 2830 824 2880 de
848 2846 898 2894 quo
921 2830 1048 2907 immerito
1071 2835 1141 2881 taeet
1157 2799 1309 2896 lieltherus,
1331 2840 1356 2882 et

341 2898 400 2947 Vat.
419 2897 451 2944 A.

373 3066 402 3114 Ρ
420 3063 479 3116 465.
512 3063 560 3115 ὅτι
589 3062 646 3115 οὐκ
676 3067 742 3146 ἔχει
770 3065 819 3115 λό-

340 3152 399 3199 γον
417 3129 484 3185 οὐδ.
505 3132 599 3200 -]Η.
617 3150 639 3184 e.
657 3135 733 3198 quia
756 3150 819 3184 nen

340 3208 452 3267 potest
481 3201 616 3252 reddere
650 3204 820 3265 rationem,

341 3268 453 3335 qualis
488 3271 535 3321 sit
562 3286 671 3321 earum
706 3288 821 3334 rerum,

341 3355 421 3403 quas
440 3340 554 3402 affert
578 3345 713 3401 natura,
736 3340 821 3389 ideo-

265 3430 273 3448 ι
340 3423 401 3472 que
418 3407 555 3459 ι11ειιιιιι
573 3424 712 3459 caussas
730 3409 823 3474 igno-

340 3483 397 3526 ret.
425 3477 515 3542 Itaque
533 3476 624 3526 deinde
642 3473 737 3542 ἄλογον
756 3481 821 3540 πρᾶ·

339 3561 389 3610 γμα
417 3551 531 3596 vocatur.
577 3543 693 3595 Eandem
720 3551 822 3595 senten·

340 3615 401 3662 tiam
419 3612 589 3678 philosophus
611 3612 726 3662 defendit
743 3613 822 3663 etiam

339 3680 450 3731 Phaedr.
467 3697 492 3746 p.
510 3679 567 3759 26Q.
586 3682 622 3730 Ει
647 3700 684 3730 οτι
699 3679 821 3744 ψεύδεται

340 3748 382 3798 καὶ
401 3744 448 3799 οὐκ
467 3749 519 3798 ἔστι
537 3747 624 3813 τέχνη,
643 3745 731 3799 ἀλλ’”
717 3768 821 3832 ακτεχνοε

341 3813 447 3899 τριβή
467 3835 512 3867 του
549 3814 578 3866 δὲ
595 3815 694 3900 λέγειν
727 3835 821 3900 ετνμοι

341 3884 414 3971 ιε’χνη
431 3880 496 3935 ἄνευ
522 3889 568 3934 του
585 3880 725 3970 ἀληθείας
734 3877 821 3951 ἧφθαι

340 3948 393 4004 οὔτ’
417 3953 470 4004 ἔστι
492 3951 551 4003 οὔτε
573 3951 607 4019 μή
630 3948 684 4003 ποτ’
709 3951 823 4017 ὕστεροι

340 4021 507 4104 γενηται.-
474 3996 671 4072 ηέιὲίω*
657 4029 822 4087 υποσχεῖν

340 4087 394 4158 λόγ
401 4109 450 4151 ον,
485 4096 622 4157 paratus
655 4107 725 4140 sum
757 4091 822 4141 tibi

340 4111 479 4211 reddere
518 4160 681 4211 dictorum
723 4159 822 4210 ratio·

340 4238 419 4312 nem
437 4228 585 4313 Xenoph.
603 4230 681 4280 Mem.
699 4226 821 4292 1v,4‚e.

341 4291 420 4348 αὐτὸς
438 4293 530 4347 οὐδειὶ
556 4295 675 4348 θέλων
660 4315 763 4364 υπεχειν
780 4293 822 4347 λό-

342 4380 402 4448 χον,ἱ
418 4361 481 4414 οὐδὲ
498 4362 605 4447 γνώμην
622 4362 822 4428 ἀποφαίνεσθαι

342 4433 403 4496 περὶ
421 4428 539 4485 οὐδενός.

907 3067 970 3132 Cap.
1003 3067 1062 3118 XX
1097 3068 1126 3117 B.
1175 3064 1354 3136 ὑπόκειται]

871 3135 954 3185 elam
988 3142 1020 3185 et
1046 3135 1283 3188 fraudulenter
1310 3139 1357 3188 ad·

872 3204 976 3265 iacet,
1001 3205 1018 3252 i.
1036 3222 1060 3269 q.
1079 3200 1235 3256 ὑποδέδυκε.
1270 3207 1356 3273 Nuga-

872 3277 915 3322 tur
943 3241 1057 3322 ndvitius
1088 3273 1193 3337 qnidam
1230 3275 1355 3341 interpres

873 3339 904 3390 de
922 3341 1051 3392 substrato
1069 3343 1196 3407 cogitans.

907 3477 959 3524 καὶ
978 3474 1118 3541 λειότητι
1135 3479 1188 3527 καί
1205 3478 1355 3546 deridens]

873 3544 1047 3594 Tenuimus
1040 3562 1092 3595 tarn
1116 3547 1185 3611 quod
1207 3547 1269 3598 libri
1295 3565 1354 3599 mss.

875 3613 1005 3678 suffragiis
1040 3612 1159 3678 plurimis
1195 3616 1355 3678 confirment,

872 3682 922 3731 hoe
940 3697 992 3731 uno
1011 3687 1127 3747 excepto,
1146 3682 1214 3764 qnod
1229 3682 1356 3749 αἰσθήσει

873 3748 904 3799 de
921 3751 1049 3801 sententia
1066 3751 1210 3801 Corsis
1202 3769 1230 3800 ιιι
1245 3751 1356 3820 ἑσθήσει

872 3819 1041 3881 mutavimus,
1067 3835 1117 3883 quo
1134 3819 1264 3870 vocabulo
1282 3831 1357 3872 utun·

873 3892 915 3935 tur
939 3887 1054 3937 Athen.
1079 3887 1138 3952 I.p
1141 3885 1255 3942 ...1811
1283 3891 1356 3941 Dio·

873 3954 939 4005 dor.
956 3955 1007 4016 IV,
1031 3904 1184 4018 aestio,
1208 3956 1263 4007 alii.
1287 3959 1354 4010 eoni.

873 4023 951 4073 etiarn
979 4024 1085 4088 Etym.
1112 4025 1215 4090 Magn.
1249 4041 1274 4090 p.
1297 4024 1354 4078 382.

873 4107 939 4141 vers.
969 4089 1011 4142 51.
1034 4098 1060 4141 et
1083 4091 1124 4143 56.
1168 4094 1236 4158 Quip
1220 4109 1270 4159 ppe
1298 4102 1355 4161 apte

873 4176 935 4210 sane
952 4159 1018 4210 illud
1041 4161 1177 4211 formatum
1200 4169 1240 4211 est
1263 4162 1297 4213 ad
1315 4164 1354 4214 de-

874 4228 1026 4295 signandam
1057 4230 1185 4280 vestiendi
1221 4231 1355 4294 rationem,

874 4314 924 4382 quo
941 4304 1010 4348 certe
1032 4296 1117 4347 differt
1139 4314 1192 4348 non
1214 4315 1307 4364 parurn
1323 4271 1355 4350 ad

874 4364 993 4432 ἐσθῆτες.
1016 4366 1107 4431 Itaque
1126 4368 1205 4418 verba
1222 4367 1260 4416 sie
1278 4369 1354 4419 inter-

873 4435 995 4500 preteris:
1030 4435 1156 4502 figuris
1186 4437 1295 4502 (formis)
1324 4445 1355 4489 et
