3242 5259
1235 616 1295 674 217

510 613 694 675 (rosamo.
717 616 749 673 P.
772 620 844 703 ssa.
866 619 936 673 489.
959 616 1003 674 eo.
1026 615 1070 672 ot.

279 800 350 842 τιον
383 775 437 839 καί
464 778 500 841 τό
529 777 752 859 ίσχυρότερον;
792 779 898 839 ΚΑΛ.
927 773 1002 839 Ἀλλ’
1031 774 1092 857 ἐγώ
1113 791 1164 839 σοι
1185 781 1298 858 σαφῶς

280 875 380 956 λέγω,
412 869 460 938 ὅτι
487 876 607 939 ταύτόν
637 875 731 938 ἐστιν.
773 878 848 937 Σίλ.
881 875 1013 940 Οὐκοῦν
1040 874 1073 937 οί
1098 874 1211 938 πολλοὶ
1238 880 1297 939 τοῦ

281 971 355 1046 ἑνὸς
385 974 549 1055 κρείττους
568 971 627 1035 eloi
647 972 728 1036 κατὰ
748 974 863 1054 puoso,
891 974 923 1036 οἳ
943 972 983 1054 δὴ
1004 970 1057 1036 καί
1077 965 1154 1045 τοὺς
1174 973 1298 1055 νόμους

280 1071 425 1134 τίθενται
454 1068 504 1134 ἐπὶ
524 1079 567 1151 τῷ
589 1069 654 1147 ἑνί,
685 1067 788 1149 α’ίςτιερ
808 1071 861 1133 καλ
883 1070 924 1134 σὺ
944 1074 1016 1150 ἄρτι
1037 1067 1146 1150 ἔλεγες.
1192 1073 1296 1134 ΚΑΛ.

282 1172 361 1242 Πῶς
380 1168 443 1250 γὰρ
463 1172 521 1244 οός
544 1172 617 1232 >2ss.
646 1169 692 1232 Τὰ
714 1171 779 1232 τῶν
798 1173 928 1233 πολλῶν
949 1172 1012 1249 ἄρα
1031 1169 1152 1250 νόμιμα
1172 1169 1211 1231 τό
1231 1173 1296 1232 τῶν

280 1267 474 1346 κρειττόνων
490 1267 562 1330 ἐστί.
606 1257 708 1331 ΚΑΛ.
732 1268 829 1330 Ποίνυ
845 1288 890 1348 γε.
932 1270 1006 1331 Σίλ.
1031 1267 1162 1330 Οὐκοῦν
1176 1265 1215 1330 τίι
1230 1265 1347 1330 rainl]

279 1365 471 1445 βελτιόνων,·
509 1365 541 1430 οἷ
570 1365 632 1447 γὰρ
660 1365 823 1448 κρείττους
850 1365 996 1446 βελτίους
1024 1357 1108 1428 πολὺ
1137 1364 1217 1428 κατὰ
1238 1365 1296 1430 τὸν

281 1463 343 1526 σὸν
363 1463 470 1544 λόγον.
515 1465 619 1526 ΚΑΛ.
651 1464 729 1526 Ναί.
778 1465 852 1524 Σίλ.
888 1462 1079 1527 deuouere
1099 1465 1224 1527 τούτων
1243 1465 1296 1526 νό-

280 1584 363 1642 μιμα
390 1559 471 1625 κατὰ
500 1562 601 1642 φύσιν
626 1562 724 1637 καλοί,
755 1562 947 1640 κρειττόνων
974 1583 1010 1644 γε
1031 1565 1154 1636 ὄντων;
1184 1550 1294 1624 ,ΚΑΛ

285 1660 382 1740 Φημί.
425 1662 499 1722 Σίλ.
530 1648 595 1739 Ἆρ’
624 1653 686 1723 οὖν
714 1658 746 1722 οί
765 1658 879 1722 πολλοὶ
898 1660 1086 1741 νομίζουσιν
1107 1659 1225 1735 οὕτως.
1254 1657 1298 1734 ῶς

279 1760 353 1837 ἄρτι
367 1749 409 1820 αὖ
424 1756 465 1819 σὺ
480 1753 591 1838 ἔλεγες,
615 1757 741 1820 δίκαιον
757 1752 840 1820 εἶναι
857 1759 893 1820 τὸ
909 1758 983 1822 ἴσον
999 1754 1081 1841 ἔχειν
1097 1756 1151 1822 καί
1172 1757 1297 1840 αἴσχιον

278 1854 317 1918 τὸ
339 1855 463 1918 οίδικεῐν
482 1864 542 1919 τοῦ
563 1855 759 1931 α’δικεῖσθαις
789 1851 855 1918 ἔστι
874 1865 986 1934 ταῦτα,
1007 1856 1027 1939 ἢ
1050 1860 1108 1932 οὕς
1135 1855 1188 1920 καὶ
1209 1851 1297 1931 ὅπως
1318 1858 1404 1923 489·

332 2107 362 2155 Ε
387 2099 458 2190 Αρ
484 2126 545 2157 ουν
568 2108 601 2157 oi
625 2108 737 2158 πολλοὶ
766 2106 850 2193 upra]
877 2107 957 2158 Edita
979 2107 1040 2158 olim
1065 2108 1296 2158 omnesetBekk.

280 2167 336 2236 1Ἀρ
363 2165 413 2224 οὖν
436 2171 482 2239 οὐχ
505 2174 533 2224 οἱ
555 2192 579 2224 τι.
616 2176 745 2226 Omittunt
767 2171 815 2238 οὐχ
840 2175 928 2226 Clark.
951 2176 1008 2225 Vat.
1033 2175 1110 2225 Vind.
1133 2172 1156 2223 1.
1179 2175 1203 2226 6.
1238 2177 1297 2225 Par.

281 2241 486 2293 CBEFIVW.
516 2242 584 2295 Flor
610 2259 634 2293 a.
659 2245 683 2293 b.
706 2260 727 2293 o.
746 2243 762 2293 f.
781 2259 815 2292 m.
834 2259 857 2296 o
877 2261 896 2293 s
914 2260 940 2292 x.
959 2243 1047 2306 Bodl,
1071 2242 1140 2308 quod
1161 2242 1297 2292 nobiseum

281 2311 435 2361 abiecerunt
452 2312 527 2360 Turr.
546 2313 634 2361 Herm.
654 2312 707 2362 alii.
742 2312 810 2361 Dein
829 2312 924 2369 οὕτως,
951 2312 1019 2376 quod
1037 2311 1116 2376 vulgo
1133 2309 1236 2372 aberat,
1254 2310 1297 2360 ad-

280 2379 363 2428 ditum
383 2395 416 2427 ex
429 2379 517 2429 Clark.
527 2380 593 2432 Ven.
612 2378 674 2429 ΞΣ.
693 2379 772 2430 Goisl.
791 2385 817 2429 et
833 2380 952 2444 plurimis
970 2380 1037 2443 aliis,
1054 2381 1082 2428 in
1100 2378 1195 2443 quibus
1211 2385 1298 2428 tumen

281 2448 339 2497 Vat.
359 2462 412 2497 non
432 2453 471 2497 est
487 2446 670 2498 numerandus.

280 2669 321 2717 nal
336 2666 447 2727 μέλλωσι
464 2681 495 2716 αι
500 2665 589 2732 ιήσειι
606 2664 635 2715 τὰ
652 2683 763 2748 puppup·

281 2735 360 2795 μέτα,
393 2732 477 2797 ὥςπερ
504 2733 575 2784 τότε
599 2730 646 2800 τὴν
671 2730 765 2798 φωνήν

279 2806 361 2867 (siout
391 2809 490 2852 antea
516 2818 606 2852 vooem
632 2802 765 2864 diximus),

281 2869 476 2933 παρατιθέασιν
510 2866 598 2922 αι’τοῖε
633 2888 654 2919 κ.
691 2889 709 2919 τ.
743 2872 762 2920 λ.

280 2940 382 2988 Politio.
406 2955 431 3021 p.
449 2937 506 2989 266.
530 2940 567 2988 D.
598 2935 687 2988 ἐκεῖνό
711 2936 764 2987 ἐστι

277 3006 429 3068 καταφανὲς
440 3008 536 3066 μᾶλλον
553 3003 580 3055 τὸ
601 3003 686 3070 ρηθὲι
704 3002 762 3055 τότ’

278 3077 403 3138 (autea)
427 3073 457 3122 ἐν
481 3079 509 3139 τῇ
532 3074 592 3138 περὶ
616 3072 662 3124 τὸν
687 3088 763 3135 σοφι-

280 3141 346 3227 στὴν
364 3139 473 3207 ζητήσει
501 3141 644 3224 Theaetp.
657 3139 714 3192 156.
727 3142 762 3190 E:

278 3205 345 3261 αὐτὸ
345 3210 407 3292 ἱμὲν
422 3205 482 3259 καθ’
495 3206 572 3260 ἑαυτὸ
584 3208 667 3273 μηδὲν
685 3203 763 3266 εἶναι,

278 3276 293 3328 ὃ
306 3277 350 3327 καὶ
363 3275 436 3326 τότε
449 3275 578 3343 ἐλέγομεν
562 3278 647 3326 soil.
659 3282 763 3338 antea,

279 3362 376 3411 quum
400 3345 436 3396 de
454 3348 512 3395 hae
530 3363 562 3395 re
580 3345 764 3428 disputare·

232 3437 233 3441 ¹
279 3430 357 3463 inus
381 3414 481 3463 Phileb.
499 3429 524 3478 p.
542 3411 583 3463 38.
602 3415 639 3462 D:
660 3409 763 3463 ὂτότε

279 3479 364 3544 δόξαν
388 3479 544 3542 ε’καλουρεν,
568 3481 593 3530 h.
613 3497 633 3530 e.
658 3487 763 3542 antea,

278 3565 378 3614 quum
395 3551 475 3599 haee
493 3548 634 3598 nondum
652 3555 764 3598 essent

277 3618 462 3681 explicate.
481 3618 598 3681 DeRep.
613 3616 657 3665 VI.
669 3633 693 3680 p.
705 3615 764 3670 607.

277 3689 307 3736 Β
328 3687 379 3734 Pro
393 3684 478 3737 densis
492 3685 615 3735 Coraes
626 3684 679 3750 legi
692 3685 765 3734 iubet

279 3748 389 3804 ἐδόκειι.
425 3754 482 3815 Quo
505 3769 558 3802 non
581 3768 646 3818 opus
666 3758 712 3802 est.
731 3779 763 3789 -

279 3822 445 3885 ἔρχεσθαι
480 3819 536 3870 ἐπί
569 3838 653 3880 τινα,
702 3819 763 3870 αΙὶ·

279 3905 374 3955 quem
407 3888 580 3938 hostiliter
613 3888 762 3954 aggredi3

279 3976 303 4007 v.
323 3957 357 4006 ad
376 3958 442 4005 Tim.
461 3972 484 4020 p.
503 3954 544 4007 07.
562 3957 589 4005 Β.

316 4027 350 4074 D.
370 4018 631 4083 τουτόμοιαότὸ
651 4028 763 4084 σαφωε

279 4092 313 4173 d]
334 4093 422 4142 hoo
414 4107 536 4172 1psum,
554 4107 569 4138 1
588 4108 609 4139 e
628 4091 763 4141 hooma

279 4162 379 4217 ximo,
409 4161 587 4224 perspicue
611 4156 763 4209 definias.

279 4229 332 4281 vid
356 4197 431 4292 adp
450 4225 509 4276 482
527 4227 558 4275 D.
593 4227 633 4276 De
651 4227 713 4291 Rep.
733 4229 763 4278 V.

279 4314 312 4381 p.
330 4293 387 4346 471.
410 4296 440 4346 Ε.
475 4295 579 4343 Dicitur
604 4294 672 4344 enim
698 4292 763 4346 τουτ’

279 4360 344 4414 αὐτο
339 4360 394 4412 'de
412 4379 439 4411 re
456 4363 564 4411 maximi
580 4363 712 4424 momenti,
737 4364 764 4412 in

280 4447 333 4498 qua
355 4431 435 4482 totius
458 4444 566 4480 caussae
589 4430 672 4480 veluti
689 4431 764 4482 oardo

816 2665 930 2714 vertitur.
960 2664 1081 2714 Deiude'
1073 2681 1100 2714 ru
1118 2665 1202 2730 priore
1220 2665 1297 2716 inter·

816 2734 958 2798 rogationis
990 2735 1105 2784 membro
1136 2734 1231 2783 omissa
1260 2739 1298 2784 est

818 2802 994 2882 interrogandi
1022 2801 1151 2867 particula
1177 2817 1227 2851 usu
1249 2803 1298 2852 fre-

816 2870 920 2934 quenti,
955 2885 1031 2934 quem
1063 2869 1228 2920 illustrarunt
1255 2886 1299 2919 ex-

816 2938 908 3002 emplis
933 2937 1155 2990 Heindorfius
1182 2938 1215 2988 ad
1238 2937 1262 2987 h.
1280 2938 1298 2988 l.

816 3005 1042 3125 As4t(.)9adLegg
1061 3023 1085 3072 p.
1104 3003 1166 3056 130.
1189 3007 1298 3072 Vigor.

849 3206 925 3260 rods
974 3206 1100 3267 νόμους
1141 3209 1298 3258 τίθενται

816 3275 872 3325 ἐπὶ
897 3280 937 3342 τῷ
961 3273 1027 3340 ἑνί]
1056 3276 1089 3324 Η.
1114 3291 1135 3324 e.
1157 3282 1193 3325 ut
1215 3292 1298 3325 unus

816 3343 938 3394 ille1is
957 3342 1172 3406 obtemperet.
1199 3344 1299 3393 Diotio-

815 3428 875 3461 uem
906 3409 1003 3472 νόμους
1031 3411 1156 3460 satientur
1184 3408 1231 3459 ἐπι
1250 3428 1299 3460 τινι

815 3480 957 3529 illustravit
974 3477 1142 3529 Heindorf.
1161 3476 1194 3526 ad
1211 3478 1237 3527 h.
1254 3477 1272 3527 l.

849 3582 880 3630 Ε.
907 3579 1297 3662 οἱγὰρκρείττουςβελ-

817 3666 907 3700 reove
932 3645 1027 3713 πολύ]
1060 3648 1116 3696 Etsi
1143 3645 1208 3696 πολύ
1230 3662 1299 3698 oom-

815 3716 932 3780 parativo
956 3731 1003 3764 suo
1026 3715 1155 3764 interdum
1177 3716 1298 3780 postponi

816 3783 889 3844 solet,
908 3800 932 3832 r.
953 3782 986 3831 ad
1005 3783 1122 3848 Sympos.
1140 3799 1165 3847 p.
1184 3780 1240 3835 181.
1259 3782 1298 3845 0,

816 3858 902 3901 tamen
914 3852 1085 3916 comparativi
1095 3850 1135 3899 vis
1148 3866 1193 3900 our
1205 3851 1248 3900 hio
1267 3867 1299 3900 ea

815 3935 880 3969 voce
904 3918 1064 3980 intendatur,
1091 3934 1168 3967 nemo
1195 3918 1296 3968 dixerit

815 3987 905 4052 Itaque
934 3993 980 4036 aut
1006 4003 1064 4036 oum
1089 3987 1193 4036 Corae
1222 3983 1299 4036 πόλιν

816 4056 944 4120 corrigas,
968 4061 1013 4103 aut
1035 4070 1094 4103 oum
1111 4055 1297 4104 Hermanno

816 4124 847 4172 da
880 4125 1027 4172 coniectura
1054 4121 1152 4172 scribas
1178 4122 1298 4186 βελτίονι

817 4209 876 4248 τον,
887 4190 955 4254 quod
964 4191 1091 4255 posterius
1101 4191 1194 4239 eximie
1203 4190 1297 4256 placet.

850 4293 878 4340 P.
896 4289 955 4342 489.
986 4291 1038 4340 καί
1058 4289 1147 4343 ὅπως
1165 4289 1205 4357 μὴ
1222 4287 1299 4342 ‹itai-

818 4375 916 4409 σει-
934 4356 1199 4426 αἰσχυνόμενος]
1222 4361 1300 4411 Ridet

816 4427 896 4479 verba
912 4427 1029 4481 Calliclis
1046 4442 1071 4493 p.
1088 4424 1147 4478 482.
1165 4427 1195 4479 0.
1212 4429 1245 4479 D.
