3242 5259
383 613 443 666 326
798 606 994 666 PLATONIS

382 768 454 851 περὶ
472 770 598 833 τούτων
626 770 712 842 τινός
732 769 933 832 κινδυνεύων
962 756 1009 832 ὧν
1038 768 1079 832 oir
1106 767 1223 850 λέγεις,
1257 769 1396 850 πονηρός

381 870 429 943 τῖς
448 890 486 950 με
508 863 633 930 ἔσταιό
655 868 803 949 εῖςύγων·
834 865 940 941 οὐδεὶς
966 867 1028 948 γὰρ
1051 865 1092 929 διν
1112 868 1249 947 χρηστός
1269 864 1315 948 μὴ
1336 867 1396 930 ἄδι

383 968 490 1030 κοῦνι’
517 969 697 1044 ἄνθρωπον
726 965 895 1046 εῖςαγοῖχοι.
932 963 986 1028 καὶ
1011 961 1107 1028 οὐδέν
1134 985 1171 1046 χε
1201 968 1347 1040 ἄτοπον,
1374 966 1400 1028 εἰ

383 1064 592 1144 ἀποθάνοιμι.
628 1057 737 1143 βούλει
764 1076 816 1125 σοι
841 1062 936 1138 εἴπω,
973 1063 1054 1126 διόιι
1080 1071 1182 1126 ταῦτα
1211 1062 1399 1142 προςδοκῶς

385 1164 489 1223 ΚΑΛ.
522 1160 619 1222 Ποῖνν
646 1181 691 1241 γε.
734 1161 811 1222 Est.
846 1154 946 1241 Οῖμαι
973 1154 1032 1238 μετ’
1049 1160 1183 1240 όλῖχων
1205 1154 1399 1242 Ἀθηναίων,

384 1255 501 1339 ἵναμὴ
523 1257 601 1320 ε’ῖπω
631 1259 747 1338 μόνος,
780 1256 948 1339 ἐπιχειρεῖν
974 1269 1013 1340 τῇ
1036 1257 1080 1332 ὡς
1100 1258 1232 1339 άληθῶς
1253 1262 1399 1342 πολιτικῇ

383 1353 476 1437 τέχνῃ
507 1353 561 1416 καὶ
591 1356 741 1434 κρύπτειν
769 1355 808 1418 τὰ
836 1355 983 1418 πολιτικὰ
1011 1356 1110 1438 μόνος
1138 1363 1204 1418 νων
1233 1361 1309 1418 νῦν.
1348 1356 1398 1418 ἅτε

383 1447 445 1517 ούν
466 1453 506 1516 ού
526 1452 606 1531 πρὸς
635 1454 729 1534 χάριν
756 1449 858 1534 λέγων
884 1452 960 1526 τοὺς
987 1453 1105 1535 λόγους
1133 1446 1192 1528 ούς
1219 1450 1304 1535 λέγω
1334 1451 1399 1518 ἑκά-

332 1544 492 1624 Educta,
521 1549 601 1612 α’λλδι
629 1551 710 1629 πρὸς
740 1553 776 1613 τό
805 1547 986 1630 βέλτιστον,
1017 1552 1057 1614 ού
1084 1554 1165 1631 πρός
1191 1551 1229 1613 τδ
1258 1550 1399 1633 ἥδιστον,

383 1648 437 1713 καὶ
459 1649 518 1712 ούκ
540 1645 661 1712 ἐθέλων
681 1653 786 1711 ποιεῖν
807 1647 885 1709 tien
900 1653 1075 1725 παραινεῖς,
1097 1648 1267 1730 sinopidis
1288 1660 1397 1726 ταῦτα,

384 1747 442 1828 ούχ
464 1743 521 1822 ἔξω
551 1740 569 1808 ὅ
598 1768 627 1807 ιι
655 1741 736 1826 λέγω
768 1745 803 1808 ἐν
823 1748 868 1830 τῷ
898 1746 1100 1828 δικαστηρίῳ.
1133 1745 1271 1821 όαύτὸς
1292 1744 1328 1810 δέ
1348 1771 1398 1830 μοι

383 1843 452 1926 ἣκει
471 1843 582 1924 λόγος,
614 1839 713 1922 ὅνπερ
743 1845 824 1924 πρὸς
847 1846 965 1907 Πῶλον
986 1839 1114 1925 ἔλεγον·
1143 1850 1320 1926 κρινούμαι
1340 1846 1399 1927 γὰρ

432 2077 465 2126 D.
484 2072 572 2128 τινόε
590 2073 823 2141 κινδυνεύων]
842 2075 930 2141 Steph.
948 2076 1069 2127 mendose
1087 2073 1232 2127 κινδύνων.
1268 2079 1398 2144 Deinceps

382 2137 421 2194 όν
440 2140 473 2194 ού
490 2146 510 2194 λ.
529 2143 600 2193 dedit
616 2144 686 2193 Flor.
704 2144 727 2194 d.
746 2161 792 2210 pro
809 2144 881 2209 vulg.
900 2142 914 2195 ὃ
934 2141 966 2194 οὐ
984 2147 1004 2194 λ.
1024 2145 1179 2195 coniecerat
1196 2145 1335 2197 Heindorf.

432 2225 619 2292 ἄνθρωπον
636 2226 819 2296 εἰεαχάχοι]
837 2225 938 2294 εῖούγοι
955 2229 1043 2294 Steph.

432 2330 462 2379 E.
486 2325 502 2378 ἃ
526 2327 564 2379 ού
587 2330 776 2397 παραινεῖς]
800 2330 832 2379 V.
858 2327 874 2380 ἃ
898 2329 932 2380 σὺ
951 2335 1001 2379 νῦν
1018 2335 1161 2393 παραινεῖς.
1197 2331 1332 2382 Omittunt
1350 2337 1399 2382 νῦν

383 2397 462 2447 Ooisl.
480 2397 545 2447 Vcn.
566 2397 626 2448 ΞΣ.
643 2399 722 2447 Vind.
741 2397 765 2449 2.
784 2395 809 2448 6.
826 2395 850 2448 7.
868 2400 926 2448 Par.
945 2398 1011 2448 clv
1019 2399 1060 2448 W.
1079 2398 1148 2448 Flor.
1163 2398 1220 2452 ab.
1231 2415 1254 2449 c.
1265 2400 1334 2450 d.m.
1345 2418 1400 2452 o-x.

435 2477 489 2530 ὅδε
508 2483 683 2546 εἴργασται
701 2478 794 2547 ἀνήρ]
822 2481 933 2534 Bekker.
952 2479 1029 2548 ἁνήρ.
1049 2484 1103 2532 Ast.
1122 2479 1137 2531 δ
1155 2479 1236 2549 α’νήρ.
1271 2485 1330 2550 Ego
1348 2485 1400 2534 vul-

382 2555 468 2615 gatam
487 2548 625 2599 lectionem
643 2565 729 2599 veram
748 2566 805 2600 esse
823 2565 925 2600 censeo.
955 2551 1023 2600 Nem
1040 2543 1118 2603 οὗτοι
1135 2545 1203 2615 α’νήρ
1223 2557 1250 2601 et
1266 2547 1339 2619 α’νὴρ
1357 2550 1400 2603 ὅδε

383 2617 421 2667 sic
445 2616 511 2667 solet
537 2619 593 2667 sine
617 2618 725 2667 articulo
749 2618 883 2682 usurpari,
905 2616 952 2666 ubi
976 2634 1052 2682 quem
1075 2634 1135 2669 vere
1159 2625 1324 2684 praesentem
1347 2636 1401 2671 esse

384 2683 514 2737 δεικτικῶς
532 2685 708 2750 significatur,
730 2687 767 2734 ite
790 2693 820 2734 ut
841 2685 905 2734 haec
927 2686 1039 2734 formula
1056 2687 1110 2735 vim
1127 2692 1153 2735 ct
1169 2693 1326 2752 potestatem
1344 2705 1398 2754 pro·

381 2753 494 2802 nominis
512 2752 709 2803 demonstrativi
727 2753 829 2803 habeat.
848 2769 871 2801 v.
891 2752 924 2801 sd
940 2770 964 2818 p.
983 2751 1042 2804 467.
1060 2755 1090 2804 Β.
1108 2752 1166 2804 489.
1185 2755 1214 2805 Β.
1233 2754 1293 2806 505.
1312 2757 1341 2807 C.

433 2836 485 2885 nui
505 2834 705 2901 ἰσχναίνειν]
725 2835 783 2886 Ald.
802 2838 862 2888 Bas.
881 2835 904 2886 l.
924 2837 1011 2902 Steph.
1030 2836 1165 2901 Ιχναίνων,
1185 2839 1254 2903 quod
1272 2839 1334 2889 libri
1351 2857 1401 2891 me-

381 2904 460 2954 liores
478 2919 566 2953 omnes
589 2919 648 2953 cum
667 2903 755 2953 Clark.
778 2909 804 2954 et
821 2905 878 2954 Vct.
898 2913 1075 2970 aspernantur.
1111 2907 1180 2956 Dein
1199 2904 1318 2967 πέμματα
1335 2909 1400 2974 Aug.

382 2975 489 3022 Meerm.
512 2971 577 3021 Ven.
605 2971 665 3021 ΞΣ.
688 2971 766 3021 Vind.
789 2972 812 3023 2.
837 2972 862 3023 6.
880 2969 904 3022 7.
944 2974 1105 3038 Scripturam
1128 2971 1235 3034 πύματα
1260 2992 1309 3040 pro
1332 2977 1401 3042 vulg.

382 3037 482 3099 πόματα
499 3039 542 3087 hic
559 3039 615 3088 sinc
634 3038 753 3088 codicum
771 3041 924 3090 auctoritate
935 3042 1104 3103 restituimus,
1120 3048 1261 3107 praeeunte
1274 3044 1401 3095 Bekkero.

381 3123 406 3157 v.
424 3107 456 3156 ad
474 3105 574 3156 Phileb.
593 3122 617 3171 p.
634 3103 675 3156 34.
694 3107 727 3157 A.
744 3123 804 3157 ann.
823 3111 877 3158 crit.
897 3110 972 3159 etad
991 3112 1079 3175 Remp.
1097 3125 1121 3174 p.
1135 3108 1194 3160 437.
1211 3112 1244 3163 D.
1263 3112 1325 3162 coll.
1343 3113 1401 3162 Por·

381 3328 418 3375 λει
437 3321 531 3391 ῥᾴδιόν
549 3325 601 3377 ἐστι
619 3330 703 3378 sunnis
720 3332 805 3376 ποιεῖν
817 3321 864 3376 νῖν·
949 3327 980 3376 Ε.
1009 3324 1048 3377 ού
1076 3323 1160 3391 πρός
1189 3324 1220 3378 τό
1247 3326 1399 3395 ἥδιστον]

381 3391 510 3457 θρύπουο
528 3390 544 3459 ἢ
561 3386 606 3453 ed,
632 3393 662 3444 ἐν
686 3392 746 3459 τῇδε
773 3393 803 3443 δὲ
821 3394 864 3444 καῖ
915 3396 956 3443 De
974 3394 1024 3445 hac
1042 3395 1178 3445 iteratione
1200 3412 1225 3444 v.
1243 3398 1278 3446 ad
1301 3414 1326 3462 p.
1344 3397 1401 3448 316.

382 3458 459 3511 πάνυ.
916 3461 945 3511 C.
964 3464 995 3511 D.
1015 3469 1081 3526 etp.
1099 3461 1157 3513 452.
1176 3465 1207 3513 E.
1225 3465 1256 3513 In
1276 3467 1399 3530 proximis

414 3531 448 3578 D.
471 3528 548 3591 περὶ
574 3525 702 3578 τούτων
727 3525 819 3581 τινός
841 3546 863 3578 κ.
916 3532 1020 3594 respicit
1037 3530 1085 3580 illa
1102 3531 1222 3581 Calliclis
1244 3548 1270 3596 p.
1288 3531 1347 3584 486.
1366 3534 1399 3582 C:

381 3588 426 3646 όν
450 3593 488 3645 οὐ
518 3594 638 3660 λέγειν]
675 3596 804 3646 Videlicet
828 3597 864 3646 de
916 3595 1001 3651 ἄλλοις
1031 3594 1059 3647 ui
1093 3597 1179 3660 κομψὰ
1214 3596 1282 3649 ταῦτ’
1318 3597 1398 3663 ἀφεὶς

381 3666 493 3728 capite
517 3669 546 3712 et
564 3663 677 3724 bonis,
701 3680 767 3727 quae
789 3672 866 3715 antea
917 3683 938 3715 κ.
958 3684 977 3715 τ.
996 3668 1016 3715 λ.

382 3736 626 3781 commemoraverat
644 3730 773 3782 Callicles.
798 3734 865 3783 Mire

379 3801 563 3863 interpretatur
597 3814 743 3848 nonnemo:
795 3817 866 3865 pro·
949 3798 1052 3863 όνπερ
1082 3797 1165 3865 πρὸς
1189 3799 1303 3855 Πῶλον
1333 3804 1397 3853 ἕλε·

381 3874 456 3931 pter
477 3867 590 3916 horum
613 3865 758 3930 aliquid,
782 3884 864 3931 quas
915 3867 990 3934 pov]
1022 3868 1085 3933 Cap.
1106 3870 1178 3919 XIX.
1201 3869 1269 3919 med.
1293 3887 1318 3935 p.
1341 3869 1397 3922 464.

380 3950 442 3998 ego
462 3933 570 3984 dicere
594 3940 625 3982 et
647 3949 747 3999 agere
766 3935 864 3991 soleo,
915 3937 955 3985 D:
975 3932 1040 3997 εἵατ’,
1058 3936 1086 3986 εἰ
1102 3935 1157 3987 δέοι
1174 3935 1289 3988 ἐνπαισι·
1309 3936 1400 4004 drapo·

380 4003 480 4052 scilicet
496 4018 547 4066 quo
565 4006 669 4050 tueatur
692 4002 830 4052 lectionem
848 3999 864 4051 ὃ
918 4005 1038 4066 νίζεσθαι
1056 4002 1188 4068 ὀψοποιόν
1206 4023 1232 4055 ιε
1244 4006 1288 4055 καὶ
1307 4006 1399 4072 ἰατρὸν

380 4069 467 4135 λέγειν.
486 4072 521 4120 At
539 4071 607 4120 enim
625 4085 687 4119 vero
699 4067 864 4120 κινδυνεύειν
915 4087 937 4119 κ.
956 4090 976 4120 τ.
994 4075 1014 4122 λ.

380 4140 445 4200 περί
468 4155 537 4190 τινος
561 4144 613 4188 est:
650 4138 683 4187 in
712 4138 863 4203 periculo

379 4205 511 4254 versari
534 4205 683 4255 alicuius
700 4207 751 4256 rei
774 4222 793 4256 s.
813 4222 862 4270 pe·
949 4207 1399 4271 καλτοὺενεωιάτονεύμῶν

379 4271 532 4323 riolitari
560 4273 676 4338 aliqua
710 4290 756 4336 re,
790 4290 864 4322 non:
916 4272 1399 4341 denodat'pet]RecteHeindor·

378 4346 513 4402 propter
546 4341 680 4405 aliquid
714 4343 745 4390 in
782 4342 863 4407 peri·
914 4342 1399 4411 sius:00nsulto,inquit,depuc·

380 4404 453 4455 culo
471 4423 549 4458 esse.
914 4425 1000 4461 rorum
1024 4411 1116 4462 horum
1139 4418 1219 4463 natu
1246 4414 1397 4465 minimis
