3242 5259
545 590 728 653 GORGIAS.
750 595 783 652 P.
808 596 878 654 491.
902 594 947 652 ed.
972 593 1014 653 Si.
1235 592 1294 651 227

276 752 378 836 λε’γεις
399 756 475 830 τοὺς
496 757 676 836 σώφρονας.
720 758 794 820 Ero.
818 759 895 830 Πῶς
915 755 978 836 γὰρ
1000 759 1057 831 033
1088 754 1193 830 οὐδεὶς
1215 754 1298 830 ὅςας

277 855 341 916 οὐκ
362 852 404 916 διν
425 855 530 936 γνοίη,
552 853 601 917 ὅτι
623 853 707 918 οὕτω
728 850 818 936 λέγω,
861 856 962 917 ΚΑΛ.
985 855 1082 916 Ποὶνυ
1104 875 1137 933 γε
1159 853 1296 935 σφόδρα,

278 943 303 1014 ὦ
328 953 517 1030 Σώκρατες·
548 949 615 1014 ἐπεὶ
636 955 703 1026 πῶς
732 951 774 1014 ἂν
795 951 957 1034 εὐδαίμων
977 947 1102 1031 γε’νοιτο
1123 955 1298 1032 ἄνθρωπος

276 1050 443 1113 δουλεύων
465 1051 609 1134 (imperim
630 1049 710 1112 ἀλλὰ
730 1041 814 1112 τοῦτ’
837 1046 957 1112 ἔστιτὸ
979 1049 1057 1113 κατὰ
1076 1050 1176 1129 φύσιν
1196 1048 1297 1112 καλὸν

279 1147 334 1211 καὶ
355 1149 496 1219 δίκαιον,
527 1144 545 1210 ὃ
567 1145 628 1228 ἐγώ
649 1163 701 1212 σοι
727 1154 791 1210 νῦν
811 1145 1106 1229 παρῥησιαζόμενος
1126 1144 1224 1227 λέγω,
1248 1145 1297 1210 ὅτι

278 1246 329 1308 δεῖ
347 1247 406 1331 τὸν
427 1245 536 1324 ὀρθῶς
557 1247 757 1326 βιωσόμενον
785 1245 842 1318 τὰς
871 1243 929 1326 μὲν
958 1244 1129 1327 ἐπιθυμίας
1148 1245 1204 1318 τὰς
1225 1242 1296 1307 ἑαυ-

279 1353 338 1405 τοῦ
361 1342 419 1406 {ev
440 1343 483 1417 ὡς
502 1344 651 1425 μεγίστας
673 1337 754 1406 εἶναι
777 1345 831 1407 καλ
858 1342 902 1424 μὴ
923 1344 1080 1420 κολάζειν,
1112 1343 1242 1416 ταύταις
1261 1340 1295 1404 δὲ

277 1502 375 1551 tribuit.
410 1501 546 1550 Bekkerus
569 1501 721 1550 auctoritate
738 1502 796 1553 Per
817 1501 847 1549 V.
870 1501 949 1550 verbe
967 1496 984 1565 ἢ
1002 1504 1027 1550 τί
1042 1497 1167 1564 ἄρχοντας
1186 1497 1201 1564 ἢ
1218 1496 1295 1564 α’ρχο·

278 1569 375 1628 μένους
393 1568 531 1618 deleviev
514 1584 615 1618 unnn.
635 1569 709 1617 infre.

330 1638 360 1686 Ε.
380 1635 434 1685 H
414 1654 453 1689 we
471 1632 531 1702 γὰρ
552 1633 604 1686 ori·
596 1635 621 1700 ,]
648 1638 721 1686 Haec
744 1635 824 1684 verba
846 1634 905 1683 Ald
924 1636 984 1684 Bas.
1003 1634 1025 1684 1.
1044 1634 1068 1685 2.
1086 1635 1221 1686 Bekkerus
1238 1650 1296 1684 cum

278 1705 337 1753 Par
356 1705 384 1753 F
404 1704 547 1755 retulerunt
564 1704 597 1753 ad
613 1703 731 1754 Calliclis
750 1703 901 1752 orationem.
926 1704 990 1752 Mox
1007 1719 1054 1766 pro
1072 1699 1104 1752 οὐ
1123 1721 1199 1753 τοιτο
1209 1703 1296 1752 Clark
1383 1709 1388 1718 ’

279 1773 338 1821 Va.
320 1778 381 1821 tet
398 1789 448 1822 reo.
467 1772 532 1822 Ven.
551 1772 581 1821 Σ.
600 1769 679 1820 οὕτω.
714 1770 743 1820 Id
761 1786 832 1821 nnnc
850 1771 1027 1835 reposuimus,
1050 1771 1167 1835 alioquin
1185 1770 1297 1820 seriben-

277 1837 372 1889 dum
357 1857 394 1889 οτι
412 1843 486 1890 τοῦτο
504 1839 577 1922 λέγω.
606 1839 653 1888 Cet
643 1845 725 1889 terum
744 1840 819 1887 'Purra
838 1843 863 1886 ot
880 1839 968 1888 Herm.
986 1838 1052 1888 duce
1070 1840 1162 1889 Ficino
1180 1855 1297 1889 correxe-

278 1914 352 1957 runt:
375 1906 436 1959 Πωε
448 1925 514 1973 γαρ
533 1903 648 1960 ουδεὶς
634 1924 700 1960 osus
711 1924 802 1956 ουαατ
811 1924 897 1970 γνοιη
915 1924 953 1956 οτι
970 1924 1002 1956 ου
1013 1924 1087 1956 τουτο
1106 1905 1178 1973 λεγω
1198 1924 1222 1956 v.
1237 1924 1297 1958 ann.

283 2072 342 2126 Tr*
326 2095 341 2140 η
354 2081 389 2133 τι;
409 2080 463 2128 πῶς
477 2071 559 2140 λέγειν
567 2092 575 2135 ;
593 2075 664 2123 Idern
677 2080 764 2124 temen

278 2145 351 2193 inre
375 2145 474 2194 ineerta
497 2142 564 2192 nihil
587 2149 683 2192 temere
706 2142 764 2192 loco

279 2212 437 2260 movendum
468 2216 539 2260 ratus
567 2211 700 2276 vulgatam
730 2211 764 2259 le-

279 2281 392 2329 ctionem
410 2280 449 2328 sic
468 2278 638 2340 defendit,u
620 2283 724 2361 utkpost
743 2281 767 2326 τί

279 2344 310 2397 δι’
328 2347 519 2396 drstrnxerrt
494 2352 519 2395 e
535 2362 581 2411 pro
596 2342 683 2395 αὐτων
704 2345 764 2393 scri-

277 2416 360 2479 pserit
368 2411 455 2464 αὐτῶν
464 2414 497 2463 ad
511 2413 579 2478 quod
590 2414 676 2462 animo
689 2412 764 2462 intel-

278 2483 326 2565 ligi
339 2478 512 2545 τολυίῑᾶρχον
514 2499 564 2533 zos.
582 2481 606 2529 It
596 2486 672 2545 teque
683 2481 761 2529 haec:

278 2569 299 2600 τι
310 2548 434 2614 ἄρχοντας
445 2546 653 2666 ἢᾰρχομένους,”
652 2548 736 2598 brevit
726 2554 764 2597 ter

277 2619 348 2668 dicta
366 2624 455 2667 censet
474 2634 520 2699 pro
539 2619 620 2665 τινων
638 2613 763 2681 ἄρχοντας

280 2706 295 2751 η
280 2682 367 2736 τνπὸ
387 2703 467 2735 τινων
483 2681 661 2765 ἀρχομένουε;
679 2699 763 2747 neque

278 2755 349 2803 enim
373 2755 422 2803 hoo
440 2771 461 2802 τι
485 2769 530 2818 pro
549 2749 610 2800 κατὰ
629 2770 667 2810 u,-
691 2767 764 2815 qus-

277 2839 349 2871 nem
373 2822 405 2869 in
427 2822 480 2870 ro?
511 2817 661 2885 iruniefcrn?
684 2834 763 2883 quen·

278 2906 357 2955 quom
376 2905 432 2938 esse
450 2889 614 2939 offensurum.
650 2888 763 2936 Astius

279 2957 448 3007 scribendum
484 2956 629 3036 proposuit:
668 2955 701 3004 Ττ
734 2953 764 3003 δὲ

277 3022 383 3084 crineum
412 3021 538 3087 ἄρχοντας
564 3019 579 3088 ἥ
604 3041 625 3070 τι
650 3016 764 3086 ἀρχομέ-

281 3110 359 3152 r·ovs‚·
403 3093 614 3140 Hermsnnus
650 3089 681 3138 de
716 3105 763 3138 suo

278 3160 398 3225 scripsit.
428 3160 460 3210 λι
476 3155 520 3216 δέ;
539 3154 634 3215 αὐτῶν,
654 3149 675 3206 oi
694 3156 761 3206 ἑταῖ-

282 3246 327 3291 ρε,·
360 3246 382 3276 τι
406 3227 474 3283 οἰ’;ει
504 3221 675 3309 ἅρχωνταεκ
700 3243 719 3273 τ.
743 3226 763 3273 λ

314 3292 331 3360 ἢ
358 3300 452 3344 τοῦτο
482 3291 539 3353 μὲν
565 3289 665 3342 οὐδὲν
694 3289 762 3356 δεῖ]

279 3361 461 3427 Exspectabas
472 3358 517 3409 tori
520 3378 572 3417 του,
592 3359 659 3423 quod
670 3358 764 3408 Find-

279 3431 436 3480 eisenius
454 3429 543 3478 invitis
556 3428 630 3477 libris
642 3428 762 3491 reposuit.

279 3498 332 3548 Sed
349 3514 381 3562 up
384 3496 575 3561 teoomperavit
592 3494 763 3577 Heindorf.

280 3562 571 3629 Theaetp184mB
600 3561 643 3612 δεῖ
665 3562 695 3612 δὲ
718 3579 763 3611 ου-

280 3633 385 3696 δέτερα
415 3631 587 3696 Aristoph.
620 3631 762 3680 Ecclesiam

279 3720 303 3751 v.
329 3651 380 3752 305
404 3716 472 3764 seqq.
497 3698 535 3748 ed.
554 3697 647 3747 Dind:
673 3694 707 3749 eis
730 3693 764 3744 δν

279 3774 488 3851 perpetererperl
499 3763 598 3815 deme
629 3761 704 3814 δποσ’
730 3760 764 3813 dv

280 3836 329 3900 δέη
349 3833 393 3887 τὰς
412 3831 538 3900 ἡμετέρου
557 3836 648 3896 φιλας,
666 3834 711 3896 qui
727 3831 764 3881 lo·

280 3921 326 3954 cus
356 3904 489 3968 praeteriit
511 3901 708 3951 Elmsleium
731 3899 764 3948 nd

280 3971 398 4037 Euripid.
429 3969 497 4051 Med.
528 3985 552 4017 v.
581 3966 639 4019 552.
668 3973 764 4028 annot„

279 4041 326 4090 ubi
345 4039 388 4089 δεῖ
404 4036 458 4086 τινά
477 4056 511 4094 τι,
538 4052 618 4100 opus
637 4043 688 4085 est
678 4036 764 4084 teli·

279 4109 334 4158 cui
358 4107 473 4169 eliqua
495 4122 540 4166 re,
565 4105 691 4153 Graccum
709 4119 765 4152 esse

280 4182 374 4240 neget,
406 4189 481 4223 usum
509 4171 666 4235 loquendi'
659 4189 685 4220 m
716 4172 765 4220 hac

279 4243 473 4293 constructione
492 4247 560 4289 certe
577 4240 693 4289 dativum
710 4254 766 4302 per·

281 4327 362 4362 sonae
374 4311 502 4373 requirere
510 4309 668 4357 existimans.
681 4308 764 4356 Rnnn

280 4397 303 4428 v.
325 4376 405 4429 1368:
430 4379 467 4426 ἴτε
492 4376 573 4440 δεῦρο
599 4382 661 4433 νῦν,
689 4374 764 4433 εἴπερ

816 2090 845 2138 γε
869 2074 914 2123 δεῖ
940 2075 982 2124 καὶ
1012 2073 1088 2125 τουτό
1117 2093 1160 2135 με,
1189 2072 1297 2138 ανδρων

817 2147 930 2206 ποιητῶν
947 2146 1129 2208 τυροπωλῆσαι
1141 2141 1237 2207 τέχνην.
1255 2144 1296 2191 De

817 2211 965 2259 accusativo
989 2211 1026 2259 rei
1045 2211 1106 2259 huic
1124 2209 1203 2259 verbo
1222 2211 1296 2275 iungi

817 2278 892 2326 solito
910 2293 934 2326 v.
948 2279 1025 2327 etiarn
1042 2280 1130 2327 Xeno
1137 2278 1184 2342 ph.
1202 2278 1295 2342 Cyrop.

815 2346 860 2406 IV,
878 2342 942 2407 3,3:
961 2342 1011 2394 ὅσα
1030 2347 1181 2397 deiformes
1200 2346 1296 2408 ἔχουσι,

815 2428 892 2476 quem
915 2412 1001 2462 locum
1023 2429 1091 2463 unus
1113 2413 1295 2463 Fischerus

815 2486 884 2529 recte
859 2480 1044 2530 iintellexit.
1095 2484 1158 2530 Mox
1186 2477 1296 2529 Οὐδὲν

816 2549 970 2597 ποικίλον
1008 2555 1076 2598 recte
1115 2550 1297 2612 interpretatur

815 2615 1048 2665 Heindorfius:
1067 2616 1295 2666 Nihilvnrium

815 2682 1071 2747 subdolumque,
1090 2683 1175 2747 quod
1193 2685 1296 2733 emba-

795 2749 912 2815 gibus
952 2751 1055 2801 focile
1090 2751 1232 2802 deludat
1266 2758 1296 2800 ct

815 2818 996 2868 difficilem
1013 2818 1136 2870 habent
1153 2819 1295 2883 explica·

817 2892 888 2935 t.u1n
912 2886 964 2935 vid.
988 2887 1106 2952 Sy.mpos
1135 2904 1159 2952 p.
1185 2885 1242 2938 182.
1265 2888 1295 2936 B.

815 2955 882 3002 rim
900 2970 925 3018 p.
942 2952 983 3006 59.
1003 2955 1032 3004 C.
1050 2956 1150 3005 Phileb.
1169 2971 1193 3020 p.
1212 2953 1295 3005 53..E

814 3024 918 3071 Menon
950 3039 974 3088 p
1007 3022 1046 3074 75.
1079 3024 1108 3072 Ε.
1140 3023 1238 3088 Cratyl.
1270 3039 1295 3087 p.

814 3087 872 3140 393.
891 3091 924 3137 D.

865 3157 895 3204 E.
920 3153 966 3208 Ὡς
990 3152 1071 3221 ἡδὺς
1098 3151 1158 3222 εἷλ]
1195 3158 1295 3219 Quam

815 3224 977 3288 suavior.
995 3241 1016 3272 e.
1036 3239 1129 3287 quarn
1151 3228 1296 3288 ineptus,

816 3307 907 3354 quem
925 3291 1107 3352 ridiculus,
1125 3293 1171 3340 es!
1189 3293 1296 3340 Dictum

815 3374 874 3409 cum
891 3360 980 3407 Attica
996 3356 1122 3418 irrisione,
1140 3366 1170 3406 ut
1186 3359 1258 3422 Reip.
1276 3360 1294 3408 Ι.

816 3424 908 3491 p.337
916 3428 947 3475 Ι).
955 3425 1044 3489 Euthy
1045 3425 1067 3474 d.
1080 3422 1137 3474 300.
1149 3425 1179 3472 A.
1188 3425 1294 3473 Thesei.

814 3492 872 3544 209.
895 3494 925 3542 Ε.
949 3493 982 3542 al
1012 3508 1036 3540 v
1064 3491 1233 3541 Ruhnken.
1262 3492 1295 3540 ad

816 3563 882 3610 Tim.
902 3561 1016 3609 Glossur.
1039 3576 1063 3624 p.
1082 3558 1138 3610 131.
1174 3559 1296 3609 Proximo

814 3630 904 3678 verba:
924 3624 984 3679 toris
1000 3623 1122 3707 ηλιοιὀυε
1140 3623 1221 3691 λέγετε
1236 3623 1295 3678 τοδε

817 3692 972 3811 (reimponere,
991 3696 1030 3744 sic
1052 3695 1200 3758 intelligas:
1225 3699 1296 3742 tem-

815 3768 971 3827 perantes
989 3763 1074 3813 diois
1098 3761 1241 3828 (intelligis)
1259 3761 1295 3810 il-

815 3832 880 3892 ios,
897 3833 952 3894 qui
974 3832 1092 3881 stolidi
1116 3837 1203 3891 sunt,
1226 3828 1295 3878 unde

817 3869 936 3963 appdret‚
966 3916 1012 3949 cur
1040 3906 1080 3949 ert
1070 3899 1165 3948 siculus
1193 3896 1295 3947 additus

816 3969 856 4016 sit.
876 3968 968 4017 Paulio
986 3973 1086 4049 nnt.ep
1105 3963 1164 4015 491.
1182 3965 1215 4014 O:
1233 3960 1295 4013 ἀλλὰ

818 4034 872 4084 τοτὲ
896 4036 945 4095 pir
974 4051 1032 4084 τους
1059 4033 1177 4112 βελτίουε
1205 4048 1230 4080 τε
1252 4031 1294 4079 καὶ

817 4105 948 4165 κρείττονε
959 4097 1018 4151 τοδε·
1029 4096 1218 4162 ἰσχυροτέρους
1232 4105 1295 4157 (eos

817 4171 870 4234 qui
889 4167 1072 4216 validiores
1090 4182 1189 4215 essen
1195 4163 1251 4229 λ’)
1232 4170 1295 4229 αρί-

818 4241 872 4298 ζον.
913 4235 992 4317 Legg.
1016 4234 1035 4281 I.
1060 4250 1083 4296 p
1107 4231 1165 4284 633.
1189 4235 1223 4283 E:
1250 4234 1296 4283 τὸν

818 4299 869 4369 ὑπὸ
898 4320 950 4350 τωι
978 4298 1084 4367 ηδουιωτ
1118 4319 1296 4364 κρατουμενον

817 4387 909 4419 τουτον
927 4365 973 4418 τδν
996 4367 1220 4422 &uermerium
1205 4388 1297 4436 ηττονα

1043 4468 1096 4519 15*
