3242 5259
556 645 738 704 GORGIAS.
760 647 793 704 P.
817 651 887 704 492.
910 640 957 704 ιο.
978 647 1021 705 st.
1234 652 1294 704 τις
1363 694 1371 714 ,

281 806 452 871 ἐπαινοῦσι
473 806 533 890 την
553 809 769 889 σωφροσύνην
790 808 842 871 καί
864 806 924 890 τὴν
937 809 1145 890 δικαιοσύνην
1165 807 1218 871 διὰ
1234 806 1294 890 τὴν
1315 810 1345 875 Β

278 905 388 969 αὐτῶν
410 907 596 985 ἀνανδρίαν.
619 905 686 969 ἐπεί
706 927 741 986 γε
762 899 810 979 οἷς
833 904 863 982 ἐξ
884 905 980 986 ἀρχῆς
1000 905 1141 986 ὑπῆρξεν
1161 906 1180 986 ἢ
1203 908 1295 984 βασι-

279 1002 362 1067 λὲων
384 1001 487 1067 υἱέσιν
517 997 598 1066 εἶναι
626 1004 646 1085 ἢ
676 1002 794 1075 αύτούς
822 1013 860 1085 ιη’
890 1005 985 1083 φύσειΙ
1013 1002 1144 1075 ἱκανούς
1172 1002 1296 1080 ἐκπορί-

278 1106 401 1163 σασθαι
432 1102 533 1182 ἀρχήν
559 1123 631 1163 τινα
660 1099 680 1182 ἢ
708 1101 887 1179 τυραννίδα
915 1101 934 1180 ἢ
965 1100 1170 1174 δυναστείαν,
1199 1100 1229 1161 τί
1257 1110 1295 1181 τῇ

278 1199 416 1282 ἀληθείᾳ
437 1198 560 1280 α’ίσχιον
581 1195 635 1261 καὶ
655 1199 768 1260 αάκιον
789 1198 836 1280 εἴη
856 1199 1070 1279 σωφροσύνης
1083 1197 1210 1271 τούτοις
1228 1202 1297 1272 τοῖς

278 1297 486 1376 ἀνθρώποις;
517 1288 566 1368 οἷς
587 1292 658 1372 ἐξὸν
679 1295 854 1358 ἀπολαύειν
883 1299 947 1359 τῶν
967 1296 1103 1376 ἀγαθῶν
1131 1292 1184 1357 καὶ
1204 1294 1295 1376 μηδε-

279 1393 338 1466 νὸς
360 1391 509 1473 ἐμποδὼν
530 1395 634 1466 ὄντος,
656 1391 746 1456 αύτοί
769 1389 896 1467 ἑαυτοῖς
911 1394 1069 1474 δεσπότην
1083 1389 1294 1474 ἐπαγάγοιντο

277 1492 336 1554 τὸν
357 1493 423 1552 τῶν
443 1494 571 1552 πολλῶν
592 1491 778 1570 ἀνθρώπων
798 1491 902 1570 νόμον
922 1513 954 1552 τε
976 1489 1029 1552 καὶ
1047 1492 1145 1570 λόγον
1165 1489 1217 1554 καί
1238 1491 1295 1564 ψό-

330 1703 369 1756 ού
399 1705 581 1768 δυνάμενοι
613 1706 693 1771 ἐντι]
730 1709 760 1756 V.
789 1707 845 1757 ἐκπ.
869 1704 947 1758 ούδ.
976 1707 1066 1757 invitis
1094 1707 1167 1756 codd
1196 1713 1297 1772 praeter

279 1778 339 1828 Par.
358 1776 637 1826 ΕΒ.1οιοοωῃ11)ιις.

330 1844 361 1892 B.
397 1841 511 1892 κάκιον
540 1843 592 1907 εἴη
622 1839 863 1908 σωφροσύνης]
899 1842 969 1892 Flor.
993 1859 1019 1891 x.
1045 1839 1224 1907 σωφροσύνης
1253 1843 1295 1891 καί

280 1907 456 1992 δικαιοσύνης.
490 1911 525 1960 Et
548 1911 585 1959 ita
608 1918 684 1961 antea
707 1917 843 1992 utrumque
867 1910 1043 1975 coniungebat
1061 1909 1197 1959 Callicles:
1223 1909 1296 1959 inot-

281 1984 357 2028 νοῦοι
376 1973 422 2044 τὴν
442 1976 624 2060 σωφροσύνην
646 1974 753 2042 καλιὴν
772 1976 945 2058 δικαιοσύνηι
972 1994 1002 2026 ac
1020 1978 1153 2042 deinceps:
1182 1975 1297 2028 ἀπὸτοῦ

280 2048 360 2095 ’καλοῦ
380 2063 422 2130 της
442 2042 609 2127 δικαιοσύνης
626 2048 667 2095 καὶ
688 2042 937 2110 τῆςσωφροούνης
964 2045 1032 2094 Edit
1045 2044 1143 2095 Bas.:2
1164 2063 1215 2094 των
1232 2063 1295 2109 upa

279 2116 341 2163 θῶν
359 2115 401 2162 καὶ
421 2109 585 2176 δικαιοσύνης
603 2114 645 2162 καὶ
663 2111 777 2177 μηδςιὸς
796 2111 921 2172 ἐμποδών
915 2110 1021 2164 ὄντος.
1057 2113 1137 2161 Vides
1155 2111 1235 2161 verba
1253 2115 1295 2162 καὶ

279 2178 448 2245 δικαιοσύνης
465 2181 550 2230 alieno
574 2180 632 2231 loco
656 2197 712 2230 esse
736 2181 901 2244 interposita:
925 2182 1018 2230 erroris
1040 2180 1167 2229 fontem
1160 2197 1211 2228 ram
1229 2182 1296 2230 Rou-

278 2251 351 2298 thius
369 2249 475 2298 detexit
505 2247 585 2297 Nolui
602 2256 688 2298 tamen
707 2264 777 2298 nunc
795 2249 884 2297 invitis
902 2250 996 2298 ceteris
1015 2247 1116 2300 coddss
1108 2247 1177 2297 istud
1196 2248 1237 2296 καὶ
1258 2249 1294 2297 ὄι-

280 2314 424 2380 καιοούνης
441 2317 563 2398 recipere

331 2385 384 2432 καί
403 2379 549 2447 μηδενὸς
566 2379 722 2443 ἐμποδών
741 2379 848 2449 ὄντος]
867 2386 918 2441 καί,
936 2382 1004 2447 quod
1015 2381 1088 2434 codd
1102 2383 1296 2447 longeplurimi

280 2469 340 2502 cum
360 2450 447 2501 Clark.
466 2451 525 2500 Vat
544 2451 623 2500 Coisl.
648 2459 673 2500 et
689 2451 755 2500 Ven.
778 2449 809 2500 Σ.
827 2459 941 2512 tuentur,
959 2452 987 2499 in
1005 2457 1066 2499 vett.
1085 2450 1155 2500 editt.
1173 2450 1296 2500 omissum

279 2617 419 2669 verborum
437 2618 563 2667 connexio
587 2634 637 2682 quo
662 2618 766 2668 facilius

279 2694 430 2752 appareret,
455 2692 515 2736 ante
532 2683 597 2747 ὅπερ
621 2685 680 2735 loco
698 2702 766 2736 com·

280 2756 359 2805 matis
377 2754 500 2803 maiorem
524 2755 600 2817 posui
625 2752 766 2803 distinctio·

281 2839 350 2872 nom
386 2823 452 2870 Nam
477 2821 557 2885 vulgo
585 2821 649 2870 hoec
676 2837 764 2901 perpe-

280 2908 337 2940 ram
360 2889 554 2970 distinguuntur
580 2891 631 2938 sic:
655 2917 687 2925 -
719 2887 765 2953 τὴν

282 2956 435 3015 ἀκολασιαν,
455 2953 566 3020 ὅπερ-
580 2956 683 3021 ἔλεγον·
703 2955 764 3005 δου-

282 3023 406 3084 λούμενοι
434 3042 455 3073 κ.
486 3042 505 3072 τ.
532 3026 551 3073 λ.
604 3025 703 3072 Vitium
733 3040 765 3073 ex

281 3100 355 3159 parte
395 3091 501 3141 sustulit
535 3091 764 3152 Heindorfius,

281 3162 328 3225 qui
351 3166 410 3224 post
427 3159 517 3222 ἔλεγον
540 3168 666 3209 commate
688 3160 765 3208 inter·

280 3230 391 3294 punxit,
410 3233 470 3274 ante
489 3223 554 3289 ὅπερ
580 3229 706 3277 minorem
729 3227 764 3274 di·

281 3296 448 3346 stincticnem
466 3294 578 3373 reliquit.
617 3295 703 3356 Quum
720 3309 765 3343 au·

281 3376 333 3414 tem
359 3363 424 3411 haec
448 3361 591 3410 inserviant
613 3363 700 3411 verbis
724 3377 765 3411 su-

280 3449 326 3496 per
328 3447 366 3480 101
368 3430 427 3479 rbus
437 3431 584 3478 accuratius
594 3429 765 3508 illustrandis,

280 3516 358 3550 nemo
377 3498 439 3558 erit,
461 3498 565 3560 opinor,
589 3499 646 3579 qui
652 3497 766 3547 scriben-

268 3569 343 3616 ’διατι
363 3566 495 3628 opinetur.
521 3561 584 3626 ὅπερ
611 3560 671 3630 γὰρ
698 3562 728 3613 ἐι
720 3583 765 3613 τ.

282 3652 326 3697 πρ.
351 3629 403 3698 ἐγώ
426 3631 524 3696 ίλεγον.
553 3648 577 3680 v
602 3632 704 3681 ludio.
733 3632 766 3680 ad

280 3705 311 3752 'l.
326 3703 380 3750 l..s
399 3715 423 3748 v.
441 3698 594 3763 Asyndet
603 3717 649 3749 on.
672 3699 765 3749 Paullo

282 3775 344 3819 ante
363 3765 508 3830 αιοχρὸν
532 3764 570 3832 δή
595 3782 697 3830 φασιν
715 3773 765 3816 est:

280 3847 411 3900 turpem
457 3834 595 3884 scilicet
644 3834 766 3884 dicunt.

281 3904 371 3955 Habet
387 3903 457 3951 enim
476 3899 507 3968 δή
524 3901 623 3952 ironiae
638 3902 767 3967 siguifica-

281 3975 389 4032 tionem,
407 3977 436 4019 ut
453 3971 606 4020 sexcenties.

318 4038 570 4100 ἐκπορίζεσθαι
597 4043 666 4090 ταῖς
696 4033 843 4102 ἡδο-(1

283 4114 360 4158 ναῖς
379 4101 560 4170 πλήρωσιν]
579 4105 612 4154 Η.
627 4121 649 4155 e.
667 4105 767 4153 ullam

282 4172 768 4235 rationemexplcudarumcu·

282 4243 464 4307 piditatum
494 4241 657 4290 invenire.
697 4240 769 4288 Infra

283 4329 307 4375 p.
337 4307 395 4360 494.
432 4307 466 4357 C·
500 4303 599 4360 τὰς-

284 4375 439 4429 ἀπάοας-
458 4376 583 4462 πληροῦν.

317 4438 605 4508 Β.ὲπει’γεοίςίξ
591 4439 767 4508 §doxis—l

627 4307 768 4367 ἑπιθομιας

818 2620 858 2668 De
876 2618 1024 2668 accusativo
1041 2623 1099 2681 post
1111 2617 1228 2666 dativum
1239 2617 1296 2666 illa·

818 2695 844 2736 to
861 2701 884 2734 v.
899 2694 1000 2750 praeter
1016 2687 1082 2735 alios
1099 2686 1243 2735 Elmslei.
1263 2686 1296 2735 ad

817 2755 906 2817 Eurip.
924 2754 1055 2805 Heracliti.
1073 2769 1098 2803 v.
1110 2751 1167 2804 693.
1184 2753 1216 2803 ad
1227 2753 1297 2804 Med.

815 2839 840 2886 p
866 2819 921 2871 169.
945 2830 998 2871 not
1023 2820 1046 2871 9.
1071 2822 1137 2870 Ast.
1161 2821 1194 2870 ad
1216 2823 1297 2888 Legg.

816 2888 922 2955 p.158.
947 2895 1036 2939 nostra
1063 2889 1096 2938 ad
1126 2889 1244 2952 Sympos.
1272 2905 1296 2952 p.

817 2955 873 3007 176.
892 2958 925 3006 D.
942 2956 1113 3006 Matthiae.
1132 2959 1154 3017 §-
1170 2955 1227 3008 536,
1246 2959 1296 3006 Ριο

818 3023 878 3073 ἐπεί
891 3042 922 3089 γε
939 3019 980 3076 οίς
997 3040 1030 3073 ne
1048 3025 1106 3088 quis
1123 3041 1182 3073 oum
1200 3026 1296 3075 Hein-

817 3092 926 3143 dorfio
951 3091 1115 3141 scribendum
1146 3099 1218 3155 putet
1240 3091 1297 3141 ἐπεὶ

817 3155 858 3211 οἷς
880 3177 921 3225 γε,
946 3160 1057 3225 legende
1080 3167 1120 3208 est
1140 3158 1227 3209 brevis
1250 3160 1298 3208 illa

817 3228 998 3359 Ilessrpanni
1017 3229 1150 3276 annotatio
1168 3227 1201 3276 ad
1210 3228 1296 3292 Viger

852 3365 881 3410 τί
902 3367 936 3426 τῇ
960 3358 1158 3426 ἀληθειᾳ-
1181 3360 1298 3410 κάκιον

817 3429 879 3496 εἴη]
893 3431 970 3493 quid
987 3429 1060 3493 quis
1077 3435 1298 3492 putetrevcra

818 3499 949 3562 turpius
967 3512 1038 3546 esse
1055 3502 1104 3546 eto.
1122 3496 1161 3544 Ne
1178 3495 1236 3558 quis
1253 3496 1298 3544 hic

818 3566 888 3614 etin
911 3565 1035 3629 proximis
1054 3560 1085 3611 ἀν
1107 3562 1290 3621 desiderem

818 3648 884 3696 quac
906 3631 933 3681 id
955 3647 1038 3697 genus
1068 3631 1122 3680 alia
1146 3630 1298 3694 collegimus

818 3699 850 3749 ad
873 3698 1002 3748 Alcibiad.
1032 3700 1097 3763 Ι.
1100 3696 1188 3748 ,132.
1212 3699 1241 3749 Β
1273 3705 1298 3747 et

818 3767 969 3831 lachet.p
972 3764 1065 3818 ..190
1088 3768 1117 3815 Β,
1160 3765 1299 3829 Optativus

819 3835 875 3884 sine
893 3832 926 3883 ἄν
954 3833 1082 3898 quomodo
1114 3832 1299 3898 intelligendus

819 3904 866 3963 sit,
890 3903 1011 3965 exposuit
1026 3903 1236 3951 Hermannus
1257 3901 1298 3948 Dc

818 3978 884 4034 part
912 3967 997 4032 ἀνρ.
1027 3966 1083 4018 157.
1112 3969 1180 4016 conf.
1211 3970 1298 4017 Rost.

845 4040 907 4097 αξ.
926 3985 990 4086 12οΡ
1002 4034 1206 4099 Bernhardy
1225 4036 1298 4098 Synt

818 4122 843 4170 p.
861 4103 919 4154 411.
953 4103 1070 4154 Facilet
1060 4109 1146 4153 tamen
1167 4103 1300 4167 scripseris

819 4189 894 4220 -αν
911 4171 961 4219 εί

854 4234 906 4289 οἷς
924 4189 1035 4300 lliv'
1020 4254 1067 4285 απ
1081 4236 1123 4302 -]
1143 4236 1226 4286 Casus
1243 4253 1300 4300 pro·

820 4305 933 4355 nominis
946 4321 1016 4354 more
1034 4305 1087 4353 fere
1099 4306 1230 4354 constanti
1243 4320 1299 4369 par-

819 4374 907 4437 ticipio
925 4372 1133 4422 accommodatus
1149 4379 1196 4434 est,
1221 4389 1300 4437 quum

819 4441 924 4492 deberet
953 4439 1032 4490 verbo
1054 4440 1143 4502 finito,
1170 4441 1222 4490 hoc
1247 4440 1300 4490 fere
