3242 5259
521 614 704 676 GORGIAS.
727 616 760 675 P.
784 622 856 677 450.
877 617 922 677 ed.
946 619 989 680 St.
1216 627 1253 682 91

233 777 317 842 εἰσὶν
336 777 416 860 ἡμῖν
436 775 559 860 τέχναι·
580 770 602 860 ἦ
622 779 703 860 χάρ,·
732 781 829 843 ΓΟΡ.
853 781 931 843 Ναί.
967 784 1044 845 Σάι.
1066 785 1190 847 Πασῶν
1210 781 1255 858 δέ,

233 871 343 959 οἶμαι,
371 879 439 938 τῶν
457 878 578 959 τεχνῶν
598 880 665 941 τῶν
693 875 752 957 μὲν
774 875 906 958 ἐργασία
932 877 970 940 τὸ
998 880 1084 944 πολύ
1111 878 1176 945 ἐστι
1203 881 1257 946 καὶ

233 976 337 1056 λόγου
359 973 495 1056 βραχέος
522 969 665 1050 δέονται,
696 970 778 1037 ἔνιαι
806 972 840 1037 δὲ
861 975 1012 1052 οὐδενός,
1042 978 1122 1042 άλλὰ
1143 977 1257 1062 τὸτῆς

233 1070 347 1156 τέχνης
375 1073 560 1159 περαίνοιτο
581 1071 623 1136 ἂν
647 1068 701 1134 καὶ
727 1069 780 1135 διὰ
809 1081 918 1154 σιγῆς,
949 1066 1022 1137 οἷον
1040 1076 1183 1160 γραφικὴ
1204 1076 1257 1142 καὶ

235 1171 504 1252 άνδριαντοποιία
518 1168 573 1235 καὶ
592 1173 685 1234 άλλαι
699 1171 822 1233 πολλαί.
843 1168 900 1244 τὰς
915 1172 1065 1248 τοιαύτας
1084 1196 1139 1255 μοι
1153 1175 1258 1251 δοκεῖς
1286 1180 1319 1243 D

235 1267 350 1349 λέγειν,
371 1264 445 1348 περὶ
466 1269 503 1342 ἃς
524 1267 564 1330 οὐ
579 1261 717 1350 φῂςτὴν
737 1264 912 1350 ῥητορικὴν
925 1261 1017 1330 εἶναι.
1039 1268 1060 1350 ἢ
1081 1275 1138 1348 οὒς
1160 1276 1191 1335 Γ
1191 1274 1255 1337 ΟΡ.

236 1365 337 1429 Πάνυ
359 1363 420 1444 μὲν
439 1358 501 1428 οὖν
519 1368 625 1440 καλῶς
644 1365 894 1446 ὑπολαμβάνεις,
916 1357 942 1428 ὦ
962 1364 1142 1448 Σώκρατες.
1178 1371 1255 1433 zie.
1284 1356 1286 1359 ⁵

234 1466 357 1544 Ετεραι
377 1460 413 1526 δέ
435 1460 471 1544 γε’
492 1463 553 1527 εἰσι
571 1466 638 1526 τάν
656 1466 794 1545 τεχνῶν,
816 1464 851 1526 αἲ
870 1461 924 1526 διὰ
944 1464 1044 1545 λόχον
1065 1476 1132 1529 πᾶν
1151 1468 1257 1548 περαλ

233 1574 331 1625 νουσι
351 1560 404 1625 καὶ
426 1557 535 1642 ἔρχου,
556 1561 600 1636 ὡς
619 1557 696 1636 ἔπος
716 1562 825 1636 εἰπεῖν,
847 1560 869 1642 ἢ
890 1561 1023 1636 οὐδενὸς
1048 1562 1257 1644 προςδὲονται

232 1658 252 1740 ἢ
275 1655 414 1741 βραχέος
434 1660 532 1736 πάνυ,
544 1651 626 1723 οἶον
641 1659 836 1742 ἀριθμητικὴ
857 1659 911 1724 καὶ
926 1661 1089 1744 λοχιστικὴ
1108 1661 1162 1726 καὶ
1180 1684 1256 1745 pecs-
1300 1724 1301 1727 ,

233 1753 369 1839 μετρικὴ
388 1755 442 1820 καὶ
462 1759 646 1840 πεττευτικά
668 1778 704 1839 χε
732 1755 785 1820 καὶ
806 1760 899 1821 ἄλλαι
924 1758 1040 1822 πολλαὶ
1059 1756 1181 1842 τέχναι,
1210 1749 1258 1825 ὧν

273 1976 328 2092 οΙ).1
354 1969 433 2058 οἷον
458 1970 664 2093 άριιλμᾶητχκὴ
691 1975 745 2026 καὶ
772 1975 960 2057 λογιστική]
998 1979 1066 2029 Ante
1097 1976 1254 2063 ἀριθμητικὴ

231 2042 670 2177 sigism..²1.2i·..ii·..d:
689 2042 1256 2179 {iiiii‘...S.⁰p‘¹.1.“¹¹1‘2⁰..†⁰⁷i‘.⁷²‘ii..5t{⁶⁰}ss

232 2178 313 2230 Viud.
331 2177 356 2230 6.
374 2178 485 2228 eundem
503 2179 633 2246 ignorent.
669 2179 767 2243 Quater
784 2195 844 2230 oum
861 2180 1021 2233 sustulimus.
1041 2198 1066 2233 v.
1084 2189 1172 2235 annot.

232 2377 293 2445 τάχ’,
312 2373 334 2431 ά
351 2377 441 2447 ’γαθέ,
467 2378 567 2445 βέλτιον
582 2379 720 2442 εἰσόμεθα.

233 2449 348 2515 Sophiet.
366 2465 392 2514 p.
404 2446 462 2500 247.
474 2450 513 2498 D:
532 2445 559 2499 τὸ
577 2455 655 2500 ποῖον
674 2447 721 2515 δή,·

232 2516 305 2584 λε’χε,
334 2517 377 2567 καὶ
401 2513 462 2581 τάχα
484 2513 621 2578 εἰσόμεθα.
655 2517 720 2567 Min.

232 2602 257 2652 p.
272 2582 333 2636 314.
347 2585 382 2635 0:
401 2581 462 2649 τάχα
480 2584 509 2636 δὲ
525 2581 633 2646 ἄμεινον
648 2582 721 2636 sled·

233 2654 305 2714 μεθα
317 2642 379 2703 ὦδε.
409 2653 545 2718 Significat
557 2657 643 2703 autem
661 2653 721 2717 τάχα

231 2723 262 2771 in
284 2722 335 2771 hac
356 2721 468 2771 formula
486 2721 614 2783 statim,
638 2737 720 2782 mox,

232 2805 285 2839 usu
308 2788 379 2854 apud
400 2804 492 2853 prosus
518 2789 643 2840 orationis
660 2789 721 2839 scri-

231 2862 320 2923 ptores
336 2856 442 2919 rariore,
460 2873 484 2906 v.
503 2857 669 2910 Ruhnken.
688 2856 721 2907 ad

232 2927 302 2975 Tim.
312 2939 337 2988 p.
346 2922 404 2976 151.
422 2925 564 2990 Lennep.
573 2924 606 2975 ud
615 2925 721 2975 Phalcr.

231 2988 281 3058 Ep.
299 2991 343 3042 95.
365 3009 391 3058 p.
408 2990 465 3045 267.
490 2993 662 3043 Gremmet.
679 3009 719 3058 ep.

232 3061 360 3111 Bekker.
376 3060 499 3112 Aueodot.
519 3061 550 3110 T.
568 3061 589 3110 Ι.
611 3077 637 3144 p.
654 3057 719 3112 309:

233 3126 309 3194 τάχα
327 3125 399 3192 παρὰ
413 3134 465 3181 τοῖς
477 3133 595 3194 ποιητοῖο
606 3128 662 3178 αντὶ
674 3134 720 3178 τοῦ

231 3195 369 3260 ταχέως·
392 3193 517 3260 capidi
540 3203 592 3249 τοῖο
612 3191 721 3262 ῥήτορσι

232 3263 268 3314 τὰ
291 3262 393 3315 πολλὰ
417 3260 567 3330 αὑρίσκεται
588 3259 646 3314 άντλ
674 3268 721 3314 τοῦ

232 3332 316 3385 ἴσως
331 3333 463 3392 κτίμενον.
480 3332 531 3383 Pro
544 3332 610 3384 ἴσον
623 3331 720 3381 dictum

232 3401 314 3450 etiem
327 3399 379 3450 hoo
395 3399 453 3450 loco
471 3400 574 3465 accepit
589 3398 719 3461 Corace,

230 3473 395 3534 repugnante
424 3468 555 3519 constanti
584 3483 635 3518 usu
657 3467 720 3517 sori-

230 3541 335 3601 ptorum
352 3541 477 3598 veterum,
496 3552 572 3601 quem
588 3534 719 3601 praeclare

230 3603 375 3654 illustravit
396 3603 596 3655 Fritscbius
614 3604 719 3665 Quaest.

230 3672 361 3722 Lucisun.
369 3686 394 3736 p.
407 3668 446 3723 70.
457 3686 510 3736 seq.
533 3670 642 3722 Accedit
651 3671 720 3736 quod

230 3754 278 3806 pro
295 3738 357 3804 τάχα
374 3740 471 3804 passim
484 3739 563 3789 etium
580 3734 673 3789 αὐτίκα
683 3739 720 3788 di·

231 3807 306 3870 citur,
318 3806 404 3859 veluti
414 3823 455 3872 up.
467 3807 547 3858 Euri
571 3806 718 3857 .Heraclid.

230 3891 256 3929 v.
273 3873 339 3926 268:
365 3872 527 3938 πειρώμενοι
550 3824 582 3941 go)
604 3870 680 3925 τοῦτό
696 3868 719 3942 γ’

231 3937 315 3993 αὐτίκ’
323 3942 439 4003 οἴσομαι.
453 3943 498 3992 cir.
510 3943 579 3992 infru
588 3959 613 4007 p.
621 3941 679 3994 466.
687 3944 719 3992 A.

265 4008 391 4061 Πανῶν
419 4007 475 4070 0⁶¹,-
510 4003 614 4071 οἶμαι,
649 4028 668 4059 τ.
699 4028 718 4060 τ.

230 4084 291 4130 τῶν
312 4077 377 4140 μὲν
399 4105 434 4130 e·
457 4078 543 4128 dvaoc
566 4077 601 4128 δι’
624 4074 717 4128 οὐδε·

229 4144 719 4265 tii..itttt'did'ffttdt

491 4250 500 4274 1

228 4286 380 4334 structuree
400 4285 475 4333 λσυοτ
495 4286 599 4348 propter
614 4281 718 4332 interie-

230 4355 275 4402 ots
289 4341 435 4411 verbasci
451 4346 529 4416 λόγον
546 4347 659 4416 βραχέαι
676 4347 718 4401 dd·

228 4434 313 4475 ems.
343 4414 442 4493 Quod
461 4414 667 4487 dvm-„mm
680 4416 721 4480 ..t

772 2380 822 2441 μέν
833 2380 978 2445 subiicitur,
994 2383 1021 2432 id
1039 2383 1106 2433 nihil
1122 2384 1202 2435 habet
1217 2387 1256 2436 in·

773 2449 907 2500 solentius.
917 2466 942 2500 v.
953 2451 1066 2501 Mutth.
1078 2452 1122 2504 Gr.
1132 2454 1155 2514 ἐ.
1163 2450 1222 2504 288.
1231 2452 1255 2505 6.

772 2518 863 2582 Neque
886 2517 963 2568 hodio
986 2519 1123 2583 quisquam
1139 2520 1257 2571 haerebit

771 2586 799 2634 iu
824 2586 941 2651 genitivo
965 2591 1058 2636 πασῶν
1080 2592 1133 2636 τῶν
1149 2592 1255 2653 τεχνῶν,

772 2668 849 2717 quem
878 2652 1066 2704 Findeison.
1096 2653 1130 2705 ub
1161 2657 1256 2707 omisso

771 2722 962 2786 praepositione
986 2725 1051 2786 περί
1068 2722 1181 2787 pendere
1203 2726 1256 2790 opi-

771 2786 890 2838 nabatur.
944 2788 1024 2852 Vide,
1060 2790 1083 2840 si
1109 2793 1177 2842 tenti
1208 2798 1256 2856 est,

771 2855 886 2907 Matth.
904 2857 923 2907 l.
941 2873 962 2907 c.
975 2865 1064 2909 unnot.
1079 2856 1103 2907 1.

805 2925 838 2974 D.
873 2922 968 2974 Πάνυ
992 2917 1255 2986 aiveina-tots

772 2986 1036 3060 ὑπολαμβάνεις]
1064 2994 1104 3045 Ne
1121 2995 1180 3058 quis
1197 2999 1256 3059 post

771 3057 842 3110 πάνυ
852 3060 901 3121 μὲν
911 3052 960 3110 οὖν
972 3061 1028 3110 οοΙο
1044 3060 1255 3128 distinguendum

770 3132 852 3192 putet,
868 3129 1018 3193 saepissime
1033 3129 1082 3180 hue
1099 3145 1178 3180 voces
1195 3146 1255 3180 cum

771 3196 871 3261 relique
899 3197 1016 3247 oratioue
1042 3213 1097 3248 uuo.
1121 3199 1255 3250 continuu-
1280 3235 1282 3238 -

770 3264 842 3314 tione
864 3269 890 3314 et
905 3265 1077 3329 perpetuitate
1095 3267 1255 3332 coniungun-

770 3337 819 3381 tur.
848 3347 872 3383 v.
900 3331 933 3381 ed
955 3331 1087 3384 Phaedon.
1110 3349 1136 3397 p.
1158 3331 1199 3385 82.
1223 3335 1254 3383 A.

770 3401 834 3450 Mox
853 3399 973 3451 Coraes
990 3401 1101 3449 correxit
1116 3398 1159 3450 διὰ
1175 3398 1254 3467 λόγον

771 3463 799 3517 τὸ
826 3472 879 3516 πᾶν
904 3470 1073 3529 περαίνουσι,
1100 3482 1254 3532 comparans

769 3551 795 3599 p.
811 3534 870 3586 451.
888 3535 922 3586 0:
955 3533 995 3585 ὅτι
1022 3537 1065 3586 καὶ
1092 3532 1158 3601 αὕτη
1186 3532 1254 3602 λόγῳ

770 3608 896 3666 κυροῦται
918 3600 947 3652 τὰ
965 3600 1055 3654 πάντα.
1082 3601 1144 3656 ibid.
1163 3604 1197 3654 B:
1217 3600 1255 3653 ὅτι

770 3669 813 3721 καὶ
837 3670 901 3736 αὕτη
924 3669 979 3720 ἐστὶ
1003 3676 1054 3722 τοῖν
1071 3667 1138 3738 λόγῳ
1157 3669 1185 3722 τὸ
1202 3676 1255 3721 πᾶν

770 3737 949 3802 κυρουμένων.
974 3737 1037 3788 ibid.
1055 3739 1094 3788 D:
1117 3744 1169 3789 τῶν
1186 3736 1254 3805 λόγῳ

771 3804 800 3855 τὰ
825 3803 909 3855 πάντα
932 3803 1171 3871 διαπραττομένων.
1203 3805 1254 3857 Sed

769 3875 798 3924 in
820 3873 862 3924 his
886 3873 953 3924 locis
975 3875 1101 3926 articulus
1123 3878 1193 3924 recte
1210 3874 1255 3925 ad·

770 3940 839 3991 ditur
855 3947 1003 4007 propterea,
1032 3942 1101 4008 quod
1117 3942 1254 4008 respicitur

770 4008 803 4060 ed
825 4011 971 4075 superiore,
995 4011 1024 4060 iu
1046 4010 1140 4074 quibus
1164 4010 1254 4060 eedem

770 4079 899 4128 sententie
909 4079 960 4128 ium
975 4079 1108 4143 proposito
1125 4083 1192 4140 erat3
1211 4077 1255 4128 hio

768 4146 816 4196 illo
838 4161 891 4195 non
909 4161 973 4211 opus
991 4152 1044 4208 est,
1069 4147 1192 4211 quonium
1212 4161 1254 4196 res

768 4214 880 4280 primum
904 4219 1129 4276 commemoratur,
1153 4219 1180 4263 et
1202 4219 1256 4263 πᾶν

770 4283 927 4346 περαίνουσι
969 4280 1101 4348 siguificat
1142 4297 1255 4332 unum-

770 4347 923 4416 quodque
939 4349 1136 4415 perficiunt.

775 4411 879 4495 solor
901 4413 1105 4490 άριθμητικὴ
1128 4417 1181 4470 καλ
1204 4420 1253 4472 λο·
