3242 5259
400 607 461 665 276
813 603 1010 664 PLATOMS

402 767 487 850 ἐμοί,
516 767 595 830 άλλὰ
622 762 767 847 μέγιστος
794 763 959 848 εὐεργέτης
987 759 1058 846 παρ’
1088 762 1158 846 ἐμοὶ
1186 764 1412 846 άναγεγράψει.

404 869 505 928 ΚΑΛ.
528 862 619 946 Λέγε,
643 856 787 945 εἶν’γαθό,
809 866 906 938 αὐτὸς
926 863 980 927 καὶ
1001 861 1140 944 πέραινε.

467 964 546 1052 Cap.
569 964 678 1029 LXII.
723 965 798 1027 2352.
823 956 948 1025 ’‘Aaove
975 960 1015 1042 δὴ
1045 958 1076 1037 ἐξ
1105 960 1205 1042 άρχῆς
1234 957 1318 1040 ἐμοῦ
1345 959 1415 1022 άνα-

299 1107 300 1110 =
403 1066 559 1146 λαβόντος
585 1063 644 1126 τὸν
671 1065 779 1144 λόγον.
815 1050 901 1143 ³Apa
930 1065 966 1125 τὸ
995 1061 1057 1144 ἡδὺ
1085 1059 1139 1124 καὶ
1166 1060 1203 1123 τὸ
1231 1060 1365 1142 άγα-θὸν
1383 1063 1415 1123 τὸ

404 1163 483 1226 αότό
513 1160 611 1236 ἐστινς
644 1162 692 1224 Οό
720 1161 857 1237 ταύτόν,
887 1159 930 1234 ὡς
960 1158 1022 1241 ἐγὼ
1051 1158 1104 1222 καὶ
1126 1160 1311 1240 Καλλικλῆς
1340 1159 1415 1240 ὡμο

403 1262 593 1342 λογήσαμεν.
644 1261 791 1338 Πότερον
828 1259 862 1322 δὲ
896 1257 933 1322 τό
968 1257 1031 1340 ἡδὺ
1066 1256 1159 1320 ἕνεκα
1195 1266 1256 1320 τοῦ
1288 1257 1415 1338 άγαθοό

404 1355 572 1438 πρακτέον,
593 1355 614 1438 ἢ
640 1357 675 1420 τὸ
697 1355 826 1437 άγαθόν
846 1342 939 1420 ἕνεκα
958 1365 1017 1419 τοῦ
1037 1352 1149 1436 ἡδὲος;
1176 1356 1221 1417 Τὸ
1242 1353 1309 1436 ἡδὺ
1329 1342 1415 1418 ἕνεκα

404 1466 462 1518 τοῦ
482 1456 619 1535 α’γαθοῦ.
636 1447 718 1517 ‘Hoh
733 1451 767 1517 δέ
783 1452 848 1517 ἐστι
868 1463 974 1528 τοῦτο,
996 1443 1037 1517 οὗ
1056 1450 1329 1534 παραγενομένου
1349 1452 1414 1534 ἡόό

350 1565 382 1626 Ι)
404 1559 505 1635 petiam
527 1549 655 1630 άγαθὸν
676 1547 719 1628 δι’,
742 1542 782 1615 οὗ
803 1553 964 1633 παρόντος
984 1551 1105 1632 άγαθολ
1121 1548 1230 1632 iopam
1257 1551 1357 1612 Πάνυ
1375 1571 1412 1631 γε.

401 1644 507 1713 Ἀλλά.
529 1646 594 1731 μην
623 1650 743 1730 άγαθολ
768 1647 804 1730 γε’
826 1649 919 1731 ἐσμεν
939 1649 991 1712 καὶ
1012 1650 1102 1732 ἡμεῖς
1121 1648 1177 1710 καὶ
1196 1641 1299 1711 τᾶλλα
1318 1648 1414 1710 πάντα

405 1749 465 1810 ὅσα
486 1742 596 1828 άγαθά
616 1745 711 1822 ἐστιν,
743 1740 856 1829 ἀρετῆς
876 1770 962 1821 τινος
983 1742 1264 1828 παραγενομένηςς
1284 1739 1413 1828 Ἔμοιγε

405 1844 495 1906 δοκεῖ
521 1837 699 1925 ἀναγκαῖον
728 1840 828 1920 εἶναι,
860 1837 1099 1919 ὦΚαλλίκλεις.
1137 1837 1241 1906 Ἀλλὰ
1262 1843 1323 1926 μὲν
1343 1841 1413 1925 opt

405 1963 441 2023 γε
463 1937 556 2024 άρετὴ
578 1939 731 2020 ἑκάστου,
758 1941 812 2006 καὶ
839 1944 975 2017 σκεύους
997 1943 1049 2006 καλ
1071 1945 1220 2023 σώματος
1241 1939 1297 2004 καὶ
1319 1949 1413 2022 ψυχῆς

407 2035 448 2103 αὖ
469 2038 522 2104 καὶ
544 2035 629 2117 ζώου
643 2040 771 2115 παντός,
794 2042 834 2105 οό
850 2045 895 2126 τῷ
917 2041 985 2122 εἰκῇ
1006 2041 1158 2103 κάλλιστα
1178 2040 1412 2120 παραγίγνεται,

407 2133 485 2200 άλλὰ
506 2137 590 2214 τάξει
610 2138 664 2201 καὶ
684 2139 837 2220 ὀρθότητι
857 2139 909 2202 καὶ
929 2137 1039 2220 τέχνη,
1068 2136 1137 2218 ἥτις
1163 2133 1288 2219 ἑκάστῳ
1310 2129 1412 2199 daedi·

407 2236 498 2298 δοται
531 2236 645 2299 αὐτόν.
686 2225 748 2318 άρα
784 2233 848 2299 ἔστι
884 2241 1001 2310 ταυτας
1031 2229 1113 2316 Ἐγὼ
1148 2231 1208 2316 μὲν
1238 2235 1302 2316 γάρ
1332 2256 1412 2315 φημι.

355 2342 384 2405 Ε
415 2333 506 2410 Τάξει
531 2337 594 2414 άρα
621 2333 814 2416 τεταγμένον
840 2333 894 2397 καὶ
914 2330 1155 2415 κεκοσμημένον
1176 2330 1265 2396 ἐστὶν
1283 2331 1308 2414 ἦ
1328 2324 1412 2412 άρετὴ

408 2430 560 2507 ἑκάστους
584 2433 689 2514 Φαίην
705 2431 746 2495 div
761 2429 870 2513 ἔγωγε.
914 2432 1044 2512 Κόσμος
1060 2452 1107 2503 τις
1127 2433 1192 2512 άρα
1213 2428 1412 2511 ἐγγενόμενος

407 2529 442 2592 ἐν
472 2529 593 2611 ἑκάστῳ
624 2529 642 2594 ό
673 2528 807 2594 ἑκάστου
836 2530 952 2603 οἰκεῖος
982 2523 1111 2610 άγαθὸν
1138 2526 1268 2610 παρέχει
1288 2526 1412 2592 ἕκαστον

458 2732 487 2781 C.
522 2729 618 2783 αότόε
636 2733 687 2780 καὶ
708 2729 864 2796 πέραινε]
882 2730 970 2794 Steph.
989 2726 1052 2779 αὐτό
1070 2729 1161 2778 invitis
1180 2727 1323 2780 codicibus.

458 2800 490 2848 D.
526 2795 563 2847 οό
582 2805 621 2865 τῷ
638 2798 711 2864 εἰκῇ
729 2796 897 2864 κάλλιστα]
916 2798 995 2848 Editt.
1009 2793 1158 2860 omnesodp
1175 2794 1261 2850 οὕτως
1278 2795 1344 2862 εἰκῇ.
1369 2793 1411 2845 Sed

409 2862 455 2928 οόχ
472 2881 521 2915 om.
540 2866 627 2915 Clark.
644 2867 703 2915 Vat.
723 2867 801 2916 Coisl.
819 2866 897 2916 Vind.
916 2865 939 2914 1.
956 2865 980 2916 6.
1003 2867 1060 2914 Par.
1074 2864 1240 2915 BGEFIV.
1267 2866 1321 2916 Pro
1337 2860 1410 2914 οὗτοι

409 2940 493 2982 autem
517 2929 550 2981 οὐ
575 2932 626 2981 τῶν
648 2934 771 2982 exhibent
788 2934 868 2983 Coisl.
884 2936 942 2984 Par.
960 2932 1123 2984 BCEFIV.
1146 2931 1218 2983 Flor.
1236 2947 1260 2982 a.
1278 2935 1304 2982 b.
1322 2948 1345 2983 e.
1361 2929 1411 2981 df.

409 3017 442 3048 m.
467 3017 489 3049 0.
512 3016 531 3048 s.
563 3000 697 3050 Iamblioh.
720 3002 845 3065 Protrept.
869 3016 891 3051 ο.
911 2999 951 3051 19.
982 3000 1059 3049 Vind.
1083 2999 1108 3051 6.
1132 2996 1166 3049 οό
1188 3017 1227 3049 τοι
1249 2999 1317 3065 εἰκῇ.
1351 2999 1410 3048 Hine

410 3074 500 3132 sponte
517 3067 603 3131 prodit
620 3065 652 3117 οὐ
671 3067 706 3134 τῷ
723 3067 789 3132 εἰκῇ,
808 3070 876 3132 quod
893 3069 1007 3134 amplexi
1024 3074 1085 3118 sunt
1101 3067 1180 3117 etiam
1198 3069 1274 3117 Turr.
1293 3069 1379 3118 Herm.

459 3132 532 3200 Ἐγώ
550 3134 608 3194 μὲν
626 3133 684 3201 γάρ
705 3134 801 3201 φημι]
820 3138 851 3185 V.
863 3134 912 3203 γὰρ
932 3133 964 3202 δή
979 3151 1052 3200 φημι.
1082 3135 1133 3186 sed
1148 3132 1182 3201 δή
1197 3151 1248 3186 om.
1263 3135 1352 3186 Clark
1363 3135 1411 3182 Vat

409 3203 475 3252 Ven.
487 3202 517 3252 Σ.
536 3202 614 3253 Vind.
628 3203 650 3254 1.
663 3202 686 3254 2.
699 3203 723 3255 6.
738 3202 761 3255 7.
784 3206 843 3254 Par.
859 3206 909 3254 IV.
932 3205 1002 3254 Flor.
1019 3203 1045 3252 b.
1062 3220 1088 3252 x.
1110 3203 1185 3253 Bodl.
1202 3204 1312 3256 Mearm
1330 3199 1411 3253 lambi

409 3388 484 3438 Zethi
501 3404 611 3452 persona
629 3390 761 3439 Socratem
779 3403 795 3436 a
806 3388 889 3452 philo·
940 3389 1011 3453 eipes
1033 3387 1144 3437 aliarum
1166 3388 1305 3437 civitatum
1322 3393 1413 3452 expete

409 3457 514 3521 sophiae
542 3457 626 3507 studio
654 3457 803 3506 dehortatus
826 3462 888 3518 erat,
939 3462 1002 3506 rent.
1031 3472 1056 3505 v.
1079 3457 1119 3505 Da
1141 3457 1205 3520 Rep.
1229 3455 1249 3504 Ι.
1270 3472 1298 3521 p.
1316 3453 1372 3506 344.
1388 3454 1413 3503 Ε.

408 3524 623 3588 quemadmodum
661 3525 707 3574 ille
741 3523 890 3587 Amphiona
940 3523 1050 3586 Quando
1073 3529 1159 3573 autem
1180 3523 1356 3574 Athenienses
1375 3521 1414 3572 ali·

408 3594 512 3641 fratrem
546 3607 561 3640 a
590 3593 701 3642 musices
728 3592 888 3643 tractatione.
939 3608 1015 3655 quem
1033 3608 1063 3642 eo
1081 3590 1178 3640 honore
1195 3589 1360 3653 mactabant,
1383 3589 1414 3639 di·

407 3662 498 3723 ltaque
516 3659 634 3709 Socrates
652 3676 679 3709 se
697 3675 766 3709 nune
781 3661 818 3708 ait
828 3661 889 3708 Am·
939 3658 1047 3708 oebatur
1058 3658 1125 3709 illud
1135 3654 1307 3723 ἀναγράφειν
1317 3665 1342 3708 et
1358 3653 1413 3707 άνα·

408 3728 512 3792 phionis
524 3731 609 3790 partes
626 3743 702 3791 agere
719 3727 834 3777 voluisse
853 3732 889 3776 at·
939 3726 1074 3790 κηρόττειν
1086 3724 1140 3801 τιν’
1152 3722 1297 3792 εὐεργέτην
1314 3732 1357 3792 τῆς
1373 3721 1414 3774 πό·

408 3811 458 3859 qne
472 3794 738 3843 vicissim'Oalliolem
756 3795 789 3844 ad
806 3794 889 3858 philo·
939 3797 1010 3847 λεοιε.
1041 3795 1111 3844 Hinc
1133 3793 1213 3843 diotio
1237 3793 1305 3843 abiit
1321 3795 1348 3843 in
1364 3807 1414 3858 pro

408 3863 515 3928 sophiae
539 3861 652 3911 studium
671 3859 814 3911 ‘cohortari
849 3863 887 3910 De
939 3863 1069 3911 serbiam:
1100 3860 1132 3910 de
1159 3876 1212 3926 qua
1233 3877 1263 3911 re
1286 3877 1312 3912 v.
1334 3862 1414 3910 Hem·

409 3930 459 3983 i'oe
481 3929 649 3994 praecedente
669 3929 809 3978 indicativo
828 3944 887 3979 aum
938 3929 1077 3979 sterhus.
1093 3929 1128 3980 ad
1138 3929 1250 3979 Luciam
1262 3929 1334 3979 Dial.
1346 3930 1415 3979 Mora

409 3993 442 4045 όν
465 3997 585 4061 copulato
608 4012 697 4046 rursus
714 4012 774 4046 oum
792 3996 888 4047 indica·
938 4012 963 4061 p.
988 3994 1046 4047 367.
1071 3996 1104 4047 ad
1129 3996 1304 4062 Contemplat.
1333 3998 1355 4058 5.
1379 3993 1415 4046 24.

409 4067 462 4114 tivo
478 4066 567 4114 aoriati
578 4065 715 4114 coniuncto
733 4080 757 4115 v.
773 4065 886 4114 Matth.
938 4064 1032 4115 Wolf.
1056 4064 1089 4114 ad
1106 4066 1180 4117 Dem.
1198 4065 1304 4129 Laptin.
1321 4080 1347 4129 p.
1362 4059 1415 4113 283.

410 4132 453 4181 Gr.
472 4131 549 4196 ampl.
568 4135 590 4193 ξ.
607 4131 666 4183 522.
938 4132 1081 4182 Dorvill.
1095 4131 1128 4181 ad
1141 4132 1240 4182 Charit.
1256 4148 1283 4197 p.
1294 4127 1415 4182 312624.

444 4202 472 4249 O.
498 4200 648 4265 μέγιστος
667 4196 887 4265 εόεργὲτηε-
939 4206 964 4248 et
981 4201 1090 4264 interpp.
1108 4199 1141 4249 ad
1160 4199 1282 4264 Thucyd.
1300 4200 1322 4260 1,
1339 4196 1394 4249 129.

410 4263 648 4333 όναγεγράψει]
681 4269 780 4317 Nomen
810 4263 886 4328 εόερ-
974 4267 1034 4330 Gap.
1058 4267 1141 4317 LXII.
1188 4265 1270 4326 ἐμοῦ
1306 4264 1414 4318 druia·

409 4332 483 4395 γόνου
494 4342 546 4383 tam
559 4341 613 4384 erat
630 4335 799 4384 honorificum
818 4334 887 4398 apud
939 4331 1062 4396 βόντοε
1085 4331 1142 4382 ’τόν
1159 4331 1286 4401 λόγον]
1313 4333 1370 4385 vid.
1386 4330 1414 4382 ad

411 4400 528 4463 Graecos,
546 4402 656 4461 utillud
673 4419 725 4452 non
743 4419 800 4453 raro
818 4403 888 4466 prin·
938 4402 1036 4453 Criton.
1053 4418 1109 4466 cap.
1127 4401 1172 4455 VI.
1209 4402 1331 4452 Ceterum
1353 4407 1414 4452 reete
