3242 5259
556 588 738 648 GORGIAS.
761 591 794 648 P.
818 593 888 647 493.
911 590 956 647 ed.
979 588 1021 647 St.

1238 596 1298 647 233

282 749 454 832 ἐπιθυμίαι
474 751 550 827 εἰσί,
580 752 728 833 τυγχάνει
759 750 798 815 ὂν
820 744 891 816 οἷον
912 751 1147 815 cirumcidantur
1176 751 1229 816 καὶ
1249 776 1300 835 με·

283 848 451 911 τιιιιίιιτειυ
479 852 547 911 civo
574 849 676 912 κάτω·
714 848 768 912 καὶ
794 853 891 914 τοῦτο
923 852 986 928 ἄρα
1023 873 1070 924 τις
1103 854 1300 931 μυθολογῶν

282 947 410 1028 κομψὸς
437 946 539 1029 άυήρ,
568 945 643 1020 ἴσως
665 947 799 1021 Σικελός
826 969 873 1021 τις
900 940 922 1027 ἢ
949 948 1115 1022 Ἰταλικάς,
1143 950 1300 1029 παράγων

283 1053 328 1123 τῷ
357 1043 493 1125 ὀνόματι
521 1043 574 1107 διὰ
600 1043 637 1107 τὸ
663 1044 807 1108 πιθανόν
835 1065 868 1106 τε
894 1042 948 1107 καὶ
975 1045 1121 1108 πιστικὸυ
1153 1044 1299 1128 ὠνόμασε

282 1143 404 1217 πάθον,
433 1141 509 1216 τοὺς
537 1141 570 1204 δὲ
590 1141 750 1223 ἀνοήτους
784 1141 964 1224 άμυήτους·
999 1147 1064 1205 τῶν
1090 1136 1119 1207 δ’
1147 1143 1299 1227 άμυήτωυ

282 1353 342 1403 aliis
360 1353 420 1403 Par.
437 1353 467 1402 E.
485 1304 536 1401 red.
571 1351 640 1401 Dein
658 1348 713 1400 άνιι
732 1349 799 1401 κάτω
819 1350 907 1401 Clark.
926 1352 984 1400 Vat.
1003 1352 1068 1401 Ven.
1088 1351 1118 1401 Σ.
1137 1353 1214 1402 Vind.
1233 1353 1256 1405 1.
1273 1354 1297 1406 2.

282 1421 306 1472 6.
324 1418 347 1471 7.
367 1421 425 1470 Par.
443 1420 475 1469 V.
493 1419 561 1469 Flor.
581 1436 606 1468 x.
625 1421 731 1468 Mearm.
749 1418 822 1469 Stob.
839 1420 908 1469 Vett.
925 1419 996 1469 editt.
1014 1415 1069 1470 civo
1088 1420 1130 1469 nal
1149 1420 1223 1470 κάτω.

335 1522 416 1574 ἴσως
442 1516 582 1572 Σικελός
607 1518 663 1586 τις]
699 1520 758 1569 Bes.
776 1517 800 1570 2.
819 1525 845 1570 et
862 1519 935 1570 codd.
954 1520 1055 1585 aliquot
1073 1519 1204 1575 otualtno'r.
1223 1524 1299 1574 male.

333 1623 386 1673 καὶ
407 1621 559 1672 rectruda
577 1616 638 1686 cira]
674 1620 719 1670 sic
743 1620 832 1670 Clark.
849 1621 907 1670 vat.
931 1621 996 1671 Ven.
1016 1622 1076 1672 ΞΣ.
1094 1623 1172 1674 Vind.
1191 1622 1214 1676 1.
1232 1622 1257 1674 2.
1275 1623 1298 1676 ἵ.

280 1693 339 1741 Par.
357 1691 399 1741 W.
417 1691 487 1740 Flor.
504 1706 524 1740 s.
543 1688 616 1739 Bodl.
634 1687 830 1755 MeermStob.
849 1688 983 1740 lamblich.
1002 1706 1048 1755 pro
1066 1691 1138 1757 vulg.
1157 1689 1297 1751 πειστικόν,

281 1759 413 1878 ‹qplpptgric
431 1774 532 1822 quoque
550 1757 634 1807 tenuit
650 1757 739 1806 Herm.
762 1756 892 1807 reluctans
915 1756 980 1807 adeo
998 1758 1139 1809 Clarkiano
1156 1775 1203 1809 suo
1221 1760 1297 1810 unice

284 2017 436 2086 θυμητικὸν,
489 2019 529 2068 De
562 2017 643 2067 animi
672 2022 766 2067 natura
818 2017 909 2080 ὼιυγΙι.
926 2019 946 2067 Ι.
963 2035 988 2084 p.
1002 2017 1052 2070 108
1064 2036 1127 2085 seq„
1148 2036 1180 2070 ea
1196 2010 1298 2072 videtur

282 2090 390 2152 eiusque
408 2087 524 2152 partibus
547 2085 661 2150 disputat
682 2085 766 2149 philo·
817 2084 937 2136 Philoleo
955 2088 1054 2137 auctori
1078 2087 1216 2139 tribuenda
1232 2106 1298 2140 esse.

281 2157 380 2221 sophus
404 2156 444 2204 De
466 2153 575 2219 Republ.
599 2154 644 2202 IV.
668 2168 692 2216 p.
715 2150 766 2203 439

282 2253 316 2262 —
334 2220 394 2273 441.
411 2223 456 2272 IX.
480 2238 504 2287 p.
523 2219 582 2273 580.
599 2222 632 2271 D.
655 2221 722 2270 Tim.
740 2237 765 2285 p.

282 2290 323 2343 69.
337 2288 378 2341 70.
397 2291 429 2340 cf.
448 2290 610 2340 Alcinous
624 2290 665 2338 De
677 2290 764 2338 Doctr.

283 2360 386 2409 Platon.
409 2374 431 2408 c.
453 2355 494 2408 ⁶23.
518 2355 559 2409 24.
582 2357 689 2407 Laert.
712 2357 764 2406 vit.

281 2428 385 2478 Platon.
409 2426 455 2474 III.
481 2427 503 2486 ξ.
527 2423 567 2476 67.
590 2425 701 2473 Davis.
732 2424 765 2474 ad

280 2497 363 2546 Cicer.
389 2493 531 2544 Tusculan.
553 2493 587 2554 II,
610 2490 651 2542 20.
674 2492 718 2553 IV,
740 2490 764 2542 5.

280 2564 405 2614 Proxima
422 2562 459 2611 sic
476 2560 623 2625 intelligas:
647 2557 764 2625 τυγχάνει

280 2630 314 2680 ὂν
335 2635 468 2686 τοιοῦτον,
487 2627 551 2681 ciete
568 2624 765 2679 circumdandae

280 2700 316 2764 (h.
336 2715 359 2748 e.
381 2697 473 2747 modo
497 2697 559 2756 sic,
588 2695 681 2745 modo
706 2695 764 2745 ali-

280 2778 331 2818 ter
360 2763 564 2830 persuaderi)
592 2764 635 2813 καὶ
658 2766 762 2823 aaroni·

280 2851 356 2886 πτειν
373 2829 429 2882 ἄνω
448 2830 523 2882 κάτω.

314 2902 369 2950 καὶ
389 2905 485 2949 τοῦτο
508 2895 573 2962 ἄρα
596 2916 644 2951 τις
662 2900 762 2957 μυθο-

279 2974 386 3034 λογωυ
404 2966 450 3033 -]
481 2968 539 3017 Hoc
562 2967 640 3016 dicit:
664 2972 763 3030 atque

818 2152 893 2215 Quod
917 2170 965 2220 ego
987 2171 1078 2205 vereor
1099 2162 1128 2205 ut
1150 2164 1220 2207 recte
1241 2158 1298 2207 fieri

818 2226 904 2286 queat,
920 2222 1127 2288 quandoquidem
1153 2225 1191 2274 ita
1206 2241 1298 2290 parum

817 2289 950 2339 commode
967 2290 1121 2340 adderentur
1135 2292 1214 2343 verba
1232 2293 1297 2346 iocis

819 2354 925 2409 Σικελός
954 2375 989 2410 τις
1019 2356 1035 2424 ἢ
1063 2355 1188 2412 Ἰταλικάς.
1239 2361 1297 2422 Quo

817 2424 913 2474 diutius
930 2425 1015 2476 locum
1033 2427 1177 2490 considero,
1195 2443 1225 2477 eo
1243 2445 1297 2478 ma·

816 2492 856 2556 gis
884 2494 912 2541 in
940 2509 972 2542 ea
998 2494 1166 2544 confirmatur
1193 2497 1297 2546 enimus

816 2561 958 2623 sententia,
979 2569 1078 2611 utnon
1095 2569 1149 2612 tam
1167 2564 1298 2629 Pythago·

816 2643 915 2677 reorum
948 2644 1026 2693 quam
1056 2631 1297 2697 Pythagoristarum

817 2701 893 2759 atque
917 2696 1087 2763 Orphicorum
1116 2699 1226 2749 docendi
1257 2717 1297 2750 ra·

815 2765 925 2826 tionem,
952 2772 1056 2830 propter
1082 2767 1229 2831 mythorum
1258 2769 1296 2818 in-

816 2831 923 2882 volucra
939 2832 1052 2883 tenebris
1069 2834 1194 2899 repletam
1205 2843 1231 2886 et
1241 2853 1297 2902 per·

816 2902 966 2962 obscuram,
984 2902 1068 2952 notari
1085 2903 1239 2954 existimem.
1256 2907 1297 2955 In·

815 2973 854 3017 ter
876 2984 940 3032 quos
963 2986 1041 3032 quum
1065 2979 1229 3022 recenseatur
1251 2974 1297 3022 im·

279 3039 340 3087 hoc
363 3036 523 3101 placitum
547 3034 584 3084 de
602 3034 763 3098 cupidita·
810 3036 905 3100 primis
921 3037 1104 3102 Empedocles,
1122 3040 1150 3089 id
1168 3041 1236 3104 quod
1254 3041 1297 3104 do-

280 3113 346 3156 tum
365 3105 599 3153 inconstantia
616 3118 652 3152 ac
670 3109 763 3152 teme-

279 3175 383 3223 ritate
406 3171 536 3235 aliquis
558 3170 590 3218 in
615 3169 763 3220 fabulam

279 3246 409 3290 mutans
431 3238 461 3288 τὰ
478 3233 666 3302 ἐπιθυμητικὸν
683 3238 761 3299 μέρος

279 3314 323 3376 τῆς
348 3312 430 3372 ψυχῆς
452 3306 645 3371 appellavit
678 3308 762 3354 πίθου

278 3396 298 3427 s.
326 3376 455 3437 cadum,
479 3375 558 3438 quia
582 3374 611 3422 ei
634 3373 761 3439 propri-

277 3461 329 3494 um
358 3451 448 3493 esset
471 3439 498 3491 τὸ
526 3438 643 3490 πιθανόν
669 3459 695 3490 τε
719 3443 759 3491 καὶ

278 3507 412 3570 aerioma,-
448 3509 685 3574 insipientium
713 3526 762 3560 au·

276 3591 341 3629 tem
388 3585 419 3628 et
466 3577 761 3641 intemperantium

278 3649 423 3697 animum
446 3645 535 3694 dixit
558 3644 672 3694 cadum
695 3661 761 3710 per·

277 3717 435 3775 foratum,
453 3714 531 3777 quia
548 3713 657 3762 horum
676 3714 761 3777 cupi·

278 3779 761 3845 ditatesnunquamexpleren-

279 3858 340 3900 tur.
367 3849 448 3899 Vides
469 3849 624 3898 sententiam
649 3864 705 3897 csse
723 3865 761 3898 aa·

278 3919 312 3968 tis
330 3917 502 3983 perspicuam.
534 3915 584 3965 Sed
602 3916 633 3965 de
651 3917 761 3981 singulis

277 3988 334 4036 eius
346 3984 465 4050 partibus
478 3984 661 4049 explicandum
672 3986 761 4048 utique

277 4062 317 4104 est
335 4054 489 4103 accuratius.
518 4052 657 4114 Quaeritur
675 4058 761 4102 autem

278 4130 339 4171 ante
358 4122 453 4180 omnia,
472 4121 530 4184 quis
548 4121 581 4169 sit
597 4120 646 4170 iste
661 4117 761 4181 κομψὸς

277 4186 356 4256 ἀνήρ,
376 4189 420 4238 cui
441 4188 505 4238 haec
523 4187 612 4237 fabula
630 4186 760 4238 tribuitur.

276 4257 492 4308 EtBoeckhio
510 4255 613 4319 quidem
624 4254 641 4303 l.
651 4254 760 4319 c.p.186

278 4342 358 4391 seqq,
369 4325 413 4375 cui
424 4324 601 4388 suffragaturS
610 4339 627 4372 u
634 4323 760 4373 semihl.

278 4395 365 4446 Gener.
384 4391 530 4443 Ειιιιιίάιά.
548 4391 594 4442 der
612 4390 679 4441 Plot.
699 4391 759 4441 Phi·

815 3105 870 3152 cuit
888 3103 1043 3156 Sturaius
1061 3108 1087 3155 in
1099 3108 1255 3173 Empedocla
1272 3126 1297 3174 p.

816 3168 849 3238 13
858 3187 927 3236 seqq.
947 3179 972 3222 et
986 3189 1010 3237 p.
1021 3172 1053 3223 19
1065 3191 1128 3238 seq„
1146 3176 1215 3226 haud
1233 3193 1297 3227 sene

814 3244 908 3288 temere
920 3240 1072 3291 scholiastes
1088 3249 1114 3291 et
1131 3244 1296 3308 Olympio-

813 3306 913 3357 dorus
937 3307 970 3357 ad
994 3309 1018 3357 h.
1037 3308 1068 3357 l.:
1091 3306 1153 3359 οἷον
1170 3307 1296 3371 'Eunaia-

814 3376 886 3440 κλῆς·
913 3372 1100 3441 Πυθαγόρειος
1123 3376 1173 3441 γὰρ
1198 3370 1232 3442 ἤν
1250 3371 1295 3428 od·

814 3459 865 3494 roa.
903 3438 1000 3508 ὑπῆρχε
1028 3441 1058 3493 δὲ
1085 3439 1295 3508 Ἀκραγαντῖνοι.

813 3510 911 3559 Docuit
928 3511 996 3560 enim
1014 3511 1058 3559 hic
1079 3517 1145 3561 testa
1163 3514 1294 3577 Simpli-

814 3579 865 3628 cio
884 3577 915 3626 ad
934 3579 1038 3628 Aristot.
1057 3581 1097 3629 De
1108 3580 1188 3630 Coelo
1201 3598 1225 3646 p.
1238 3580 1296 3632 129.

813 3641 997 3707 μυθικάτερον
1021 3643 1057 3700 oia
1081 3646 1194 3713 ποιητής.
1242 3650 1297 3699 Nec

813 3713 870 3762 sine
899 3728 993 3763 caussa
1029 3715 1099 3765 hunc
1132 3717 1295 3782 potissimum

813 3781 887 3831 Plato
917 3783 1039 3846 respexit.
1090 3783 1198 3834 Constat
1225 3785 1295 3834 enim

812 3850 898 3913 ipsum
917 3849 1039 3915 Gorgiam
1062 3852 1118 3901 eius
1141 3852 1294 3916 disciplinae

812 3916 942 3966 addictum
961 3919 1058 3976 lmese,-
1072 3919 1140 3967 unde
1159 3923 1238 3970 etiam
1250 3921 1294 3970 So-

813 3992 896 4034 crates
914 3987 941 4035 in
952 3986 1064 4036 Menona
1081 4003 1105 4051 p.
1121 3984 1160 4039 76.
1175 3989 1205 4037 A.
1223 4003 1294 4052 seqq.

812 4052 905 4101 leniter
922 4052 989 4102 ridet
1007 4055 1118 4119 Gorgiae
1138 4055 1327 4120 discipulum·

812 4120 985 4184 Empedoclea
1002 4121 1127 4185 quaedam
1146 4123 1241 4187 placita
1252 4140 1295 4172 cu-

812 4187 872 4252 pide
895 4188 1100 4252 amplectentem.
1135 4191 1226 4254 Itaque
1249 4208 1294 4241 no-

813 4255 890 4304 tando
926 4255 1082 4320 Empedocle
1123 4259 1199 4307 simul
1239 4260 1294 4324 ipsc

813 4323 924 4388 Gorgias
954 4323 1062 4389 eiusque
1096 4324 1220 4391 discipuli
1250 4343 1295 4376 no·

812 4397 915 4452 tantur,
939 4396 968 4440 ut
984 4397 1071 4458 pateat
1088 4392 1158 4444 hunc
1175 4395 1293 4459 mythum
