3242 5259
557 582 613 639 Aa
635 537 818 641 00101111
839 583 1042 643 Patronis.
1266 590 1304 642 aa

281 748 446 808 necessaria
465 750 628 809 videantur.
672 751 842 810 Tenendum
869 772 938 813 1010
960 759 1028 811 ante
1050 753 1147 810 omnia
1170 754 1227 810 hoc
1249 761 1302 827 est,

281 853 337 912 quo
358 835 493 909 neglecto
523 836 558 894 de
585 835 747 911 scriptionis
777 837 931 897 universae
960 838 1120 898 rationibus
1146 841 1304 914 prudenter

279 991 411 1040 elementa
428 1007 459 1040 eo
478 991 652 1041 traducantur.
689 991 770 1041 Cuius
788 995 891 1058 generis
908 993 989 1045 libros
1013 995 1151 1044 arbitratur
1173 1011 1226 1045 non
1247 997 1301 1045 iam

280 1058 396 1123 amplius
413 1060 513 1108 versari
530 1060 558 1108 in
576 1059 709 1108 tractanda
725 1060 926 1125 philosophandi
949 1063 1048 1113 ratione
1071 1068 1149 1127 atque
1171 1063 1301 1126 methodo,

281 1127 327 1176 sed
345 1127 378 1175 de
397 1126 454 1176 eius
472 1133 623 1192 argumento
641 1128 678 1177 ita
691 1144 775 1192 agere,
794 1135 823 1177 ut
839 1129 962 1194 physicae
981 1137 1006 1178 et
1018 1131 1126 1191 ethicae,
1144 1146 1210 1194 quae
1224 1146 1301 1180 10110

279 1196 333 1244 sint
355 1195 483 1244 scientiae
507 1202 593 1259 partes
617 1195 670 1259 (die
692 1195 781 1245 reaten
805 1196 1045 1263 Wiaaeasohafton),
1072 1200 1147 1261 quasi
1170 1199 1299 1262 quandam

278 1261 457 1326 prolusionem
477 1263 520 1312 vel
536 1264 668 1327 praeviam
686 1264 875 1314 institutionem
892 1265 1040 1314 exhibeant
1072 1267 1138 1315 Esse
1156 1273 1242 1315 autem
1260 1267 1300 1315 his

279 1328 394 1395 dialogis
413 1332 519 1380 omnino
530 1330 557 1379 id
568 1331 734 1395 propositum,
753 1337 781 1379 ut
793 1331 916 1382 doceatur
932 1349 1020 1382 veram
1036 1334 1171 1383 scientiam
1184 1339 1209 1382 et
1219 1339 1299 1383 artem

278 1414 333 1447 non
352 1399 475 1461 reperiri,
500 1399 544 1447 sed
561 1398 681 1447 fallacem
705 1405 806 1447 tanturn
831 1416 918 1449 earum
936 1403 1048 1465 speciem
1065 1402 1155 1450 adesse
1177 1399 1229 1463 ibi,
1254 1401 1300 1450 ubi

279 1466 315 1528 id,
334 1463 404 1528 quod
421 1482 449 1516 re
463 1481 524 1515 vera
537 1465 578 1527 sit,
597 1480 655 1515 cum
667 1481 705 1526 00,
724 1465 792 1530 quod
803 1469 980 1517 tantummodo
992 1484 1048 1517 esse
1060 1469 1186 1531 videatur,
1203 1473 1298 1518 temere

278 1539 441 1599 permutetur
459 1537 504 1582 aut
521 1533 619 1582 bonum
647 1548 707 1582 oum
732 1533 864 1598 voluptate
882 1543 959 1599 atque
981 1536 1093 1586 iucundo
1112 1535 1298 1587 confundatur:

280 1600 350 1665 quod
369 1601 474 1664 quidem
492 1601 672 1665 aphilosopho
691 1600 829 1666 dupliciter
846 1603 899 1652 fere
917 1603 1025 1664 ostendi,
1045 1603 1105 1653 dum
1123 1604 1166 1652 vel
1177 1603 1212 1665 id,
1231 1604 1300 1667 quod

278 1685 326 1733 pro
344 1674 400 1718 arte
419 1676 445 1718 et
462 1669 572 1719 scientia
588 1669 721 1729 habeatur,
738 1669 837 1719 nullius
854 1671 929 1735 pretii
944 1687 1000 1721 esse
1013 1671 1114 1734 doceat,
1131 1672 1175 1721 vel
1192 1688 1225 1720 ex
1242 1673 1301 1735 ipsa

278 1736 327 1786 illa
349 1735 433 1786 falsae
450 1738 513 1785 artis
531 1743 557 1786 et
574 1737 697 1786 scientiae
715 1738 864 1802 cognitione
881 1740 921 1788 vis
944 1745 970 1789 et
987 1745 1080 1788 natura
1097 1755 1172 1788 verae
1195 1740 1257 1788 artis
1275 1744 1301 1788 et

279 1804 405 1853 scientiae
424 1803 568 1854 definiatur.
598 1806 689 1869 Itaque
708 1804 831 1870 Gorgiam
849 1806 897 1855 hoc
916 1807 953 1854 ait
969 1806 1065 1856 habere
1082 1807 1250 1871 propositum,
1267 1813 1297 1855 ut

278 1874 343 1922 artis
361 1871 506 1922 rhetoricae
529 1878 554 1922 et
577 1872 663 1921 civilis
687 1872 821 1936 exemplo,
843 1875 1001 1939 argumentis
1025 1890 1038 1924 0
1061 1890 1162 1924 morum
1179 1874 1298 1924 doctrina

277 1939 412 2004 repetitis,
439 1956 515 1989 10110
537 1940 669 2003 falsaeque
692 1941 815 1990 scientiae
839 1947 864 1989 et
882 1943 943 1990 artis
966 1944 1119 2005 permutatio
1137 1948 1163 1992 et
1180 1942 1299 1991 confusio

279 2012 407 2074 arguatur
425 2007 531 2071 eiusque
554 2014 609 2057 tum
627 2023 720 2057 caussa
742 2009 769 2056 in
785 2008 907 2058 interiore
932 2010 1043 2074 quadam
1069 2011 1150 2059 animi
1172 2009 1204 2059 ad
1223 2011 1297 2058 istam

278 2075 462 2125 confusionem
483 2075 645 2139 proclivitate
669 2077 732 2135 sita,
763 2082 817 2124 tum
841 2077 947 2127 effectus
965 2078 992 2126 in
1015 2079 1162 2143 arrogantia
1181 2083 1206 2125 et
1229 2078 1299 2126 fastu

278 2144 417 2208 conspicui
433 2144 461 2192 in
479 2142 619 2192 illustriore
635 2142 695 2193 luce
712 2149 849 2207 ponantur.
890 2145 963 2194 Haec
987 2146 1066 2210 igitur
1083 2146 1133 2194 viri
1151 2146 1248 2209 egregii
1266 2145 1297 2193 de

280 2212 394 2277 Gorgiae
417 2211 536 2261 consiliis
559 2214 686 2260 sententia
712 2215 767 2271 est,
795 2211 900 2277 longius
922 2213 1031 2262 fortasse
1055 2215 1177 2263 arcessita
1200 2213 1248 2262 illa
1271 2219 1298 2260 et

279 2279 385 2329 Platoni
403 2279 487 2329 invito
512 2277 628 2340 obtrusa,
652 2277 698 2327 sed
721 2277 850 2329 subtiliter
872 2279 960 2330 eadem
989 2286 1115 2345 acuteque
1139 2280 1298 2345 exposita*).

281 2348 323 2396 Ab
342 2363 374 2396 sa
394 2363 456 2396 vero
479 2346 631 2411 longissime
648 2346 767 2395 discessit
788 2349 838 2396 Fr.
862 2349 993 2408 Astius,
1020 2351 1064 2412 qui
1081 2349 1144 2398 licet
1160 2348 1222 2412 quid
1240 2364 1298 2396 sen-

281 2415 344 2463 tiret
360 2413 472 2465 breviter
488 2419 587 2464 tantum
605 2413 749 2463 declaravit
766 2416 817 2476 (Dc
833 2415 887 2464 vita
904 2420 930 2464 et
947 2417 1048 2479 scriptis
1063 2415 1164 2465 Platon.
1181 2432 1206 2480 p.
1220 2413 1297 2479 133),

281 2488 369 2532 11111011
397 2482 440 2532 101
471 2483 509 2532 sic
537 2482 614 2532 facile
646 2482 790 2546 intelligas,
828 2489 953 2545 quantum
972 2492 1044 2531 'curn
1076 2483 1297 2532 Schleierma-

280 2551 383 2600 chero
407 2549 551 2600 dissentiat.
592 2550 693 2614 Quippe
712 2549 851 2598 arbitratur
874 2549 920 2598 1110
937 2541 1006 2598 huno
1029 2549 1123 2598 librum
1145 2550 1296 2612 neutiquam

278 2617 311 2667 sd
328 2626 413 2668 artem
430 2623 456 2667 et
472 2617 608 2668 scientiam
625 2616 779 2682 generaliter
794 2617 958 2666 informatam
975 2617 1077 2678 referri,
1100 2616 1145 2666 sed
1163 2616 1297 2682 politicam

278 2691 383 2736 1111111111
401 2686 524 2735 1111011010
544 2690 668 2749 spectare,
685 2686 721 2733 ita
738 2690 775 2745 ut,
792 2683 916 2748 quidquid
933 2690 1065 2749 praeterea
1082 2685 1109 2733 in
1127 2701 1158 2735 ec
1171 2685 1202 2734 de
1214 2683 1298 2748 philo-

280 2755 376 2819 sophia
394 2759 546 2818 exponatur,
564 2752 591 2800 id
608 2769 661 2803 non
679 2752 802 2802 aliorsum
820 2753 871 2801 nisi
889 2769 919 2802 00
935 2751 1097 2802 referendum
1114 2754 1156 2814 sit,
1173 2758 1202 2801 ut
1214 2753 1297 2803 scien·

279 2823 341 2872 tiam
362 2828 388 2870 et
406 2828 486 2870 artem
496 2820 608 2882 civilem,
626 2836 703 2884 quam
721 2820 835 2869 rhetores
853 2835 883 2869 ac
901 2820 1030 2884 sophistae
1048 2819 1224 2885 profiteantur,
1242 2821 1297 2869 ina-

280 2906 338 2940 nem
363 2905 396 2938 ac
420 2891 589 2953 perniciosam
615 2904 671 2938 esse
695 2887 853 2937 ostendatur.
888 2888 918 2936 In
937 2905 987 2951 quo
1009 2888 1055 2937 ille
1078 2895 1145 2938 certe
1169 2887 1246 2938 simul
1270 2889 1298 2937 id

281 2959 341 3023 egit,
360 2963 390 3006 ut
408 2957 521 3022 Gorgiae
538 2956 698 3006 intellectum
715 2971 767 3005 non
784 2960 837 3004 tam
855 2955 959 3004 aliunde
977 2972 1055 3019 quam
1071 2971 1104 3004 ex
1122 2956 1205 3021 ipsius
1222 2971 1298 3020 argu-

280 3030 366 3076 mento
384 3023 523 3088 petendum
549 3039 605 3075 esse
627 3023 823 3087 perspiceretur.
858 3023 954 3072 Verum
976 3025 1044 3072 enim
1068 3039 1129 3072 1010
1151 3023 1217 3073 haec
1238 3023 1297 3087 ipsa

281 3093 412 3143 sententia
429 3091 580 3155 neutiquam
597 3091 723 3141 satisfecit
739 3089 872 3139 desideriis
890 3091 946 3140 eius
964 3091 1027 3152 viri,
1045 3092 1089 3153 qui
1105 3091 1222 3154 proxime
1239 3097 1298 3153 post

282 3161 412 3210 hstium
441 3158 504 3209 talia
527 3160 670 3208 accuratius
697 3159 857 3222 perquisivit.
904 3158 971 3208 Nam
995 3158 1165 3208 Socherus
1192 3157 1312 3222 quidem,

279 3230 331 3290 (De
349 3227 455 3291 scriptis
471 3227 589 3277 Platonis
606 3243 630 3291 p.
648 3223 725 3287 241),
745 3225 835 3275 1011011
853 3227 1024 3275 antecessoris
1040 3225 1082 3274 sui
1099 3226 1197 3275 ratione
1215 3230 1241 3274 et
1258 3241 1297 3274 ra-

282 3296 351 3346 tione
362 3295 548 3345 Schleierm
557 3295 667 3344 acheri
685 3293 873 3356 quodammodo
884 3292 1055 3357 comprobata,
1068 3294 1095 3340 in
1107 3294 1205 3357 Gorgia
1217 3309 1297 3355 quum

281 3363 306 3413 id
323 3362 466 3427 disceptari
484 3362 614 3423 videatur,
637 3361 909 3425 utrum'philcsophia
931 3377 964 3409 an
985 3361 1113 3410 rhetorica
1134 3360 1297 3424 potissimum

282 3430 391 3481 colenda
414 3431 461 3491 sit,
485 3434 570 3479 tamen
592 3445 681 3478 revera
704 3435 803 3490 censet,
832 3434 984 3492 argumento
1008 3427 1189 3491 disputationis
1216 3427 1303 3485 altius,

282 3497 372 3548 educto
391 3503 418 3546 et
435 3496 468 3547 ad
484 3498 568 3547 maius
586 3497 707 3560 quiddam
720 3496 919 3557 accommodato,
937 3495 1003 3545 illud
1020 3496 1113 3559 potius¹
1123 3494 1221 3558 quaeri,
1238 3499 1297 3543 utra

282 3567 349 3616 vitae
370 3565 438 3615 ratio
461 3565 552 3615 melior
574 3565 608 3613 sit
629 3580 660 3614 ac
685 3564 797 3624 beatior,
822 3580 899 3624 eane,
920 3579 986 3626 quae
1008 3563 1099 3611 virtuti
1120 3562 1297 3626 imprimisque

281 3634 397 3683 iustitiae
415 3632 502 3682 dedita
519 3633 566 3694 sit,
585 3647 618 3680 an
636 3631 696 3692 illa,
714 3646 780 3695 quae
798 3630 831 3681 ad
848 3632 990 3695 potentiam
1014 3630 1234 3679 etauctoritatem
1251 3644 1298 3693 pa-

281 3699 349 3751 blice
368 3716 400 3749 ac
415 3700 537 3766 privatim
555 3699 762 3763 consequendam
780 3704 929 3763 comparata
951 3699 992 3746 sit.
1035 3697 1076 3746 Ad
1098 3713 1175 3760 quam
1193 3696 1297 3762 quidem

282 3769 410 3818 rationem
428 3783 522 3833 nuper,
540 3766 659 3817 nonnihil
676 3771 761 3815 tamen
780 3772 914 3826 mutatam,
931 3766 1047 3830 proxime
1066 3765 1177 3814 accessit
1192 3765 1296 3814 Herm.

282 3836 461 3886 Bonitzius
484 3835 512 3884 in
529 3834 632 3884 libello:
657 3833 819 3883 Platoaiache
838 3830 956 3895 Studien,
990 3831 1069 3893 Wiea,
1088 3833 1177 3894 1858,
1195 3830 1219 3882 8.
1237 3832 1297 3880 mai.

281 3919 304 3967 p.
312 3901 417 3964 1—4l.,
432 3903 478 3967 qui
485 3903 532 3963 1111
541 3901 654 3951 dubitari
662 3916 737 3966 posse
746 3899 893 3963 arbitratur,
910 3901 972 3964 quin
985 3899 1101 3964 quaestio
1111 3900 1233 3963 primaria
1245 3897 1299 3947 dia·

260 3970 262 3974 ’
280 3970 334 4036 logi
344 3971 411 4020 haec
420 3971 463 4032 sit,
476 3975 562 4019 utrum
576 3968 794 4034 philosophia
809 3984 842 4017 ex
852 3969 980 4017 sententia
987 3967 1104 4016 Platonis
1115 3966 1257 4026 intellecta,
1264 3982 1298 4014 an

280 4038 459 4088 rhetorica
475 4037 633 4102 politica,
651 4036 736 4100 qualis
750 4041 804 4085 turn
820 4037 905 4097 fuerit,
919 4037 969 4085 viri
985 4035 1087 4084 honesti
1097 4033 1189 4083 studiis
1204 4038 1299 4083 010011-

279 4106 347 4156 siliis
357 4105 440 4172 digna
451 4120 507 4156 esse
516 4106 603 4169 putari
614 4105 706 4154 debeat
712 4103 761 4168 aa),
779 4105 834 4154 Nec
844 4119 905 4153 vero
914 4103 1024 4153 multum
1031 4101 1091 4150 inde
1100 4101 1224 4150 recedunt
1233 4115 1299 4164 quae

310 4261 313 4264 ’
330 4255 353 4306 1)
368 4257 396 4297 V.
408 4254 567 4296 Schleierrn.
582 4256 676 4304 Interpr.
685 4253 757 4295 Germ.
767 4253 822 4304 Opp.
836 4254 918 4293 Platon.
932 4253 1017 4292 v01.11.
1029 4253 1054 4312 Ρ.
1068 4254 1085 4291 Ι.
1094 4250 1164 4311 Praei.
1178 4261 1198 4298 p.
1214 4250 1226 4287 3
1239 4260 1300 4310 seqq.

330 4305 686 4366 aa)1bid.p.3c.„1)iana9e:
707 4306 888 4368 Iat'Plitoscplrie
901 4306 931 4342 ira
947 4304 1096 4363 l’totongscbea
1110 4301 1190 4349 Stare,
1204 4302 1256 4339 oder
1271 4304 1300 4339 rat

275 4359 398 4450 dedidibbrieet
407 4356 978 4454 1111011110,11011νὶἲεοῗαιῗῖῗιὲῗέιεξικῗῗέιῖἓεξίΜ
997 4354 1095 4400 mmm
1107 4351 1301 4401 Lebmaufiqabel

327 4492 384 4533 Plat.
398 4491 454 4542 opp.
468 4490 516 4531 Vol.
530 4490 558 4530 H.
572 4488 628 4530 Scot.
641 4491 658 4530 Ι.
1082 4485 1099 4537 3
