<?xml version="1.0" encoding="UTF-8"?>
<!DOCTYPE html PUBLIC "-//W3C//DTD XHTML 1.0 Transitional//EN"
    "http://www.w3.org/TR/xhtml1/DTD/xhtml1-transitional.dtd">
<html xmlns="http://www.w3.org/1999/xhtml" xml:lang="en" lang="en">
 <head>
  <title>
</title>
<meta http-equiv="Content-Type" content="text/html;charset=utf-8" />
  <meta name='ocr-system' content='tesseract 3.04.00' />
  <meta name='ocr-capabilities' content='ocr_page ocr_carea ocr_par ocr_line ocrx_word'/>
</head>
<body>
  <div class='ocr_page' id='page_1' title='image "./platonisgorgias02platgoog_0089.png"; bbox 0 0 3242 5259; ppageno 0'>
   <div class='ocr_carea' id='block_1_1' title="bbox 481 593 1231 681">
    <p class='ocr_par' dir='ltr' id='par_1_1' title="bbox 481 593 1231 681">
     <span class='ocr_line' id='line_1_1' title="bbox 481 593 1231 681; baseline 0.012 -21"><span class='ocrx_word' id='word_1_1' title='bbox 481 603 536 660; x_wconf 78' lang='lat' dir='ltr'>sn</span> <span class='ocrx_word' id='word_1_2' title='bbox 557 593 742 681; x_wconf 75' lang='grc'><strong>11111111</strong></span> <span class='ocrx_word' id='word_1_3' title='bbox 762 604 965 665; x_wconf 74' lang='lat' dir='ltr'>rannerus</span> <span class='ocrx_word' id='word_1_4' title='bbox 1193 611 1231 670; x_wconf 82' lang='grc'>11</span> 
     </span>
    </p>
   </div>
   <div class='ocr_carea' id='block_1_2' title="bbox 162 769 1235 4479">
    <p class='ocr_par' dir='ltr' id='par_1_2' title="bbox 162 769 1235 4479">
     <span class='ocr_line' id='line_1_2' title="bbox 204 769 1229 850; baseline 0.009 -22"><span class='ocrx_word' id='word_1_5' title='bbox 204 771 238 828; x_wconf 91' lang='lat' dir='ltr'>in</span> <span class='ocrx_word' id='word_1_6' title='bbox 267 771 379 846; x_wconf 89' lang='lat' dir='ltr'>templo</span> <span class='ocrx_word' id='word_1_7' title='bbox 408 769 532 847; x_wconf 78' lang='lat' dir='ltr'><strong>Dionysi</strong></span> <span class='ocrx_word' id='word_1_8' title='bbox 567 773 790 846; x_wconf 88' lang='lat' dir='ltr'>pretiosissimos</span> <span class='ocrx_word' id='word_1_9' title='bbox 827 780 861 832; x_wconf 88' lang='lat' dir='ltr'>ut</span> <span class='ocrx_word' id='word_1_10' title='bbox 889 775 1009 833; x_wconf 91' lang='lat' dir='ltr'>donaria</span> <span class='ocrx_word' id='word_1_11' title='bbox 1043 771 1229 850; x_wconf 89' lang='lat' dir='ltr'>dedicarunt;</span> 
     </span>
     <span class='ocr_line' id='line_1_3' title="bbox 205 855 1229 939; baseline 0.007 -25"><span class='ocrx_word' id='word_1_12' title='bbox 205 855 369 914; x_wconf 73' lang='lat' dir='ltr'>testabitur</span> <span class='ocrx_word' id='word_1_13' title='bbox 391 855 601 928; x_wconf 85' lang='lat' dir='ltr'>Aristocrates‚</span> <span class='ocrx_word' id='word_1_14' title='bbox 629 858 750 916; x_wconf 84' lang='lat' dir='ltr'>Soelliae</span> <span class='ocrx_word' id='word_1_15' title='bbox 777 858 870 930; x_wconf 89' lang='lat' dir='ltr'>filius,</span> <span class='ocrx_word' id='word_1_16' title='bbox 899 860 949 938; x_wconf 91' lang='lat' dir='ltr'>qui</span> <span class='ocrx_word' id='word_1_17' title='bbox 971 860 1101 935; x_wconf 87' lang='lat' dir='ltr'><strong>Apollini</strong></span> <span class='ocrx_word' id='word_1_18' title='bbox 1121 863 1229 939; x_wconf 87' lang='lat' dir='ltr'>Pythio</span> 
     </span>
     <span class='ocr_line' id='line_1_4' title="bbox 207 940 1229 1016; baseline 0.006 -18"><span class='ocrx_word' id='word_1_19' title='bbox 207 940 430 1002; x_wconf 78' lang='lat' dir='ltr'>celeberrimrnn</span> <span class='ocrx_word' id='word_1_20' title='bbox 457 940 531 998; x_wconf 90' lang='lat' dir='ltr'>illud</span> <span class='ocrx_word' id='word_1_21' title='bbox 558 942 710 1000; x_wconf 91' lang='lat' dir='ltr'>donarium</span> <span class='ocrx_word' id='word_1_22' title='bbox 737 944 930 1016; x_wconf 80' lang='lat' dir='ltr'>consecravit3</span> <span class='ocrx_word' id='word_1_23' title='bbox 964 946 1121 1005; x_wconf 77' lang='lat' dir='ltr'>testabitur</span> <span class='ocrx_word' id='word_1_24' title='bbox 1148 948 1229 1005; x_wconf 64' lang='lat' dir='ltr'>deni-⁸</span> 
     </span>
     <span class='ocr_line' id='line_1_5' title="bbox 208 1023 1227 1108; baseline 0.007 -25"><span class='ocrx_word' id='word_1_25' title='bbox 208 1045 266 1103; x_wconf 91' lang='lat' dir='ltr'>que</span> <span class='ocrx_word' id='word_1_26' title='bbox 295 1029 360 1084; x_wconf 91' lang='lat' dir='ltr'>tota</span> <span class='ocrx_word' id='word_1_27' title='bbox 387 1023 507 1083; x_wconf 83' lang='lat' dir='ltr'>Periclis</span> <span class='ocrx_word' id='word_1_28' title='bbox 534 1027 635 1084; x_wconf 92' lang='lat' dir='ltr'>domus</span> <span class='ocrx_word' id='word_1_29' title='bbox 664 1033 752 1105; x_wconf 90' lang='lat' dir='ltr'>atque</span> <span class='ocrx_word' id='word_1_30' title='bbox 779 1049 850 1102; x_wconf 90' lang='lat' dir='ltr'>gens</span> <span class='ocrx_word' id='word_1_31' title='bbox 878 1029 998 1106; x_wconf 81' lang='lat' dir='ltr'>quaevis</span> <span class='ocrx_word' id='word_1_32' title='bbox 1025 1031 1097 1102; x_wconf 89' lang='lat' dir='ltr'>alia,</span> <span class='ocrx_word' id='word_1_33' title='bbox 1127 1051 1227 1108; x_wconf 90' lang='lat' dir='ltr'>quam-</span> 
     </span>
     <span class='ocr_line' id='line_1_6' title="bbox 209 1104 1224 1189; baseline 0.006 -21"><span class='ocrx_word' id='word_1_34' title='bbox 209 1129 326 1187; x_wconf 87' lang='lat' dir='ltr'>cunque</span> <span class='ocrx_word' id='word_1_35' title='bbox 370 1109 486 1166; x_wconf 90' lang='lat' dir='ltr'>demum</span> <span class='ocrx_word' id='word_1_36' title='bbox 527 1110 655 1184; x_wconf 81' lang='lat' dir='ltr'>elegeris,</span> <span class='ocrx_word' id='word_1_37' title='bbox 734 1112 878 1170; x_wconf 85' lang='lat' dir='ltr'>Nimirum</span> <span class='ocrx_word' id='word_1_38' title='bbox 918 1104 1003 1171; x_wconf 79' lang='lat' dir='ltr'>facile</span> <span class='ocrx_word' id='word_1_39' title='bbox 1043 1115 1224 1189; x_wconf 85' lang='lat' dir='ltr'>intelligitur,</span> 
     </span>
     <span class='ocr_line' id='line_1_7' title="bbox 210 1193 1226 1273; baseline 0.006 -22"><span class='ocrx_word' id='word_1_40' title='bbox 210 1195 240 1252; x_wconf 93' lang='lat' dir='ltr'>id</span> <span class='ocrx_word' id='word_1_41' title='bbox 267 1195 347 1271; x_wconf 91' lang='lat' dir='ltr'>quod</span> <span class='ocrx_word' id='word_1_42' title='bbox 377 1193 466 1252; x_wconf 90' lang='lat' dir='ltr'>etiarn</span> <span class='ocrx_word' id='word_1_43' title='bbox 486 1194 586 1252; x_wconf 85' lang='lat' dir='ltr'>Frid.</span> <span class='ocrx_word' id='word_1_44' title='bbox 615 1195 750 1255; x_wconf 89' lang='lat' dir='ltr'>Astius</span> <span class='ocrx_word' id='word_1_45' title='bbox 779 1197 942 1273; x_wconf 81' lang='lat' dir='ltr'>perspexit,</span> <span class='ocrx_word' id='word_1_46' title='bbox 978 1200 1118 1257; x_wconf 88' lang='lat' dir='ltr'>testari</span> <span class='ocrx_word' id='word_1_47' title='bbox 1148 1220 1226 1258; x_wconf 88' lang='lat' dir='ltr'>nunc</span> 
     </span>
     <span class='ocr_line' id='line_1_8' title="bbox 209 1279 1226 1357; baseline 0.006 -21"><span class='ocrx_word' id='word_1_48' title='bbox 209 1279 329 1338; x_wconf 89' lang='lat' dir='ltr'>etiarn</span> <span class='ocrx_word' id='word_1_49' title='bbox 349 1282 520 1336; x_wconf 91' lang='lat' dir='ltr'>mortuos</span> <span class='ocrx_word' id='word_1_50' title='bbox 542 1279 612 1350; x_wconf 90' lang='lat' dir='ltr'>dici,</span> <span class='ocrx_word' id='word_1_51' title='bbox 641 1286 785 1357; x_wconf 88' lang='lat' dir='ltr'>quatenus</span> <span class='ocrx_word' id='word_1_52' title='bbox 805 1282 959 1355; x_wconf 85' lang='lat' dir='ltr'>magnifica</span> <span class='ocrx_word' id='word_1_53' title='bbox 979 1302 1080 1340; x_wconf 90' lang='lat' dir='ltr'>eorum</span> <span class='ocrx_word' id='word_1_54' title='bbox 1107 1285 1226 1342; x_wconf 90' lang='lat' dir='ltr'>donaria</span> 
     </span>
     <span class='ocr_line' id='line_1_9' title="bbox 209 1363 1226 1443; baseline 0.006 -23"><span class='ocrx_word' id='word_1_55' title='bbox 209 1364 298 1422; x_wconf 91' lang='lat' dir='ltr'>etiam</span> <span class='ocrx_word' id='word_1_56' title='bbox 320 1381 399 1420; x_wconf 91' lang='lat' dir='ltr'>nunc</span> <span class='ocrx_word' id='word_1_57' title='bbox 418 1363 558 1420; x_wconf 90' lang='lat' dir='ltr'>indicium</span> <span class='ocrx_word' id='word_1_58' title='bbox 577 1364 700 1436; x_wconf 85' lang='lat' dir='ltr'>faciant,</span> <span class='ocrx_word' id='word_1_59' title='bbox 723 1366 826 1443; x_wconf 89' lang='lat' dir='ltr'>quanti</span> <span class='ocrx_word' id='word_1_60' title='bbox 846 1367 903 1442; x_wconf 90' lang='lat' dir='ltr'>ipsi</span> <span class='ocrx_word' id='word_1_61' title='bbox 924 1386 992 1442; x_wconf 88' lang='lat' dir='ltr'>opes</span> <span class='ocrx_word' id='word_1_62' title='bbox 1014 1386 1047 1424; x_wconf 91' lang='lat' dir='ltr'>ac</span> <span class='ocrx_word' id='word_1_63' title='bbox 1067 1369 1226 1443; x_wconf 89' lang='lat' dir='ltr'>potentiam</span> 
     </span>
     <span class='ocr_line' id='line_1_10' title="bbox 210 1447 1225 1528; baseline 0.008 -24"><span class='ocrx_word' id='word_1_64' title='bbox 210 1447 439 1507; x_wconf 85' lang='lat' dir='ltr'>aestimaverint.</span> <span class='ocrx_word' id='word_1_65' title='bbox 481 1449 519 1504; x_wconf 94' lang='lat' dir='ltr'>In</span> <span class='ocrx_word' id='word_1_66' title='bbox 548 1467 605 1525; x_wconf 94' lang='lat' dir='ltr'>quo</span> <span class='ocrx_word' id='word_1_67' title='bbox 633 1451 760 1524; x_wconf 82' lang='lat' dir='ltr'>prolecto</span> <span class='ocrx_word' id='word_1_68' title='bbox 789 1451 864 1508; x_wconf 89' lang='lat' dir='ltr'>nihil</span> <span class='ocrx_word' id='word_1_69' title='bbox 891 1451 982 1522; x_wconf 91' lang='lat' dir='ltr'>inest,</span> <span class='ocrx_word' id='word_1_70' title='bbox 1012 1454 1087 1528; x_wconf 91' lang='lat' dir='ltr'>quod</span> <span class='ocrx_word' id='word_1_71' title='bbox 1110 1472 1127 1509; x_wconf 88' lang='lat' dir='ltr'>a</span> <span class='ocrx_word' id='word_1_72' title='bbox 1147 1461 1225 1512; x_wconf 87' lang='lat' dir='ltr'>recto</span> 
     </span>
     <span class='ocr_line' id='line_1_11' title="bbox 210 1532 1226 1614; baseline 0.006 -25"><span class='ocrx_word' id='word_1_73' title='bbox 210 1532 350 1610; x_wconf 92' lang='lat' dir='ltr'>loquendi</span> <span class='ocrx_word' id='word_1_74' title='bbox 372 1550 451 1589; x_wconf 90' lang='lat' dir='ltr'>more</span> <span class='ocrx_word' id='word_1_75' title='bbox 473 1536 503 1590; x_wconf 91' lang='lat' dir='ltr'>et</span> <span class='ocrx_word' id='word_1_76' title='bbox 524 1533 732 1592; x_wconf 84' lang='lat' dir='ltr'>consuetudine</span> <span class='ocrx_word' id='word_1_77' title='bbox 753 1535 814 1591; x_wconf 92' lang='lat' dir='ltr'>ullo</span> <span class='ocrx_word' id='word_1_78' title='bbox 835 1537 919 1592; x_wconf 87' lang='lat' dir='ltr'>modo</span> <span class='ocrx_word' id='word_1_79' title='bbox 939 1537 1069 1607; x_wconf 89' lang='lat' dir='ltr'>recedat,</span> <span class='ocrx_word' id='word_1_80' title='bbox 1098 1540 1226 1614; x_wconf 90' lang='lat' dir='ltr'>quando-</span> 
     </span>
     <span class='ocr_line' id='line_1_12' title="bbox 210 1617 1226 1697; baseline 0.008 -24"><span class='ocrx_word' id='word_1_81' title='bbox 210 1617 329 1694; x_wconf 90' lang='lat' dir='ltr'>quidem</span> <span class='ocrx_word' id='word_1_82' title='bbox 350 1617 439 1695; x_wconf 84' lang='lat' dir='ltr'>vulgc</span> <span class='ocrx_word' id='word_1_83' title='bbox 467 1634 581 1694; x_wconf 89' lang='lat' dir='ltr'>quoque</span> <span class='ocrx_word' id='word_1_84' title='bbox 609 1623 738 1676; x_wconf 89' lang='lat' dir='ltr'>mortuos</span> <span class='ocrx_word' id='word_1_85' title='bbox 767 1619 876 1697; x_wconf 88' lang='lat' dir='ltr'>aliquid</span> <span class='ocrx_word' id='word_1_86' title='bbox 905 1620 1005 1678; x_wconf 90' lang='lat' dir='ltr'>testari</span> <span class='ocrx_word' id='word_1_87' title='bbox 1034 1620 1170 1694; x_wconf 87' lang='lat' dir='ltr'>dicimus,</span> <span class='ocrx_word' id='word_1_88' title='bbox 1200 1624 1226 1681; x_wconf 87' lang='lat' dir='ltr'>si</span> 
     </span>
     <span class='ocr_line' id='line_1_13' title="bbox 210 1702 1227 1779; baseline 0.006 -21"><span class='ocrx_word' id='word_1_89' title='bbox 210 1721 296 1776; x_wconf 88' lang='lat' dir='ltr'>opera</span> <span class='ocrx_word' id='word_1_90' title='bbox 331 1719 433 1758; x_wconf 89' lang='lat' dir='ltr'>eorum</span> <span class='ocrx_word' id='word_1_91' title='bbox 467 1706 616 1779; x_wconf 85' lang='lat' dir='ltr'>tamquam</span> <span class='ocrx_word' id='word_1_92' title='bbox 644 1702 809 1761; x_wconf 89' lang='lat' dir='ltr'>testimonia</span> <span class='ocrx_word' id='word_1_93' title='bbox 843 1703 944 1761; x_wconf 92' lang='lat' dir='ltr'>iudicii</span> <span class='ocrx_word' id='word_1_94' title='bbox 979 1709 1031 1763; x_wconf 89' lang='lat' dir='ltr'>aut</span> <span class='ocrx_word' id='word_1_95' title='bbox 1065 1707 1227 1765; x_wconf 86' lang='lat' dir='ltr'>voluntatis</span> 
     </span>
     <span class='ocr_line' id='line_1_14' title="bbox 211 1785 1226 1865; baseline 0.007 -24"><span class='ocrx_word' id='word_1_96' title='bbox 211 1785 341 1860; x_wconf 90' lang='lat' dir='ltr'>ipserum</span> <span class='ocrx_word' id='word_1_97' title='bbox 357 1785 562 1860; x_wconf 69' lang='lat' dir='ltr'>proferuntur.</span> <span class='ocrx_word' id='word_1_98' title='bbox 613 1787 711 1844; x_wconf 84' lang='lat' dir='ltr'>Nicias</span> <span class='ocrx_word' id='word_1_99' title='bbox 741 1807 810 1845; x_wconf 88' lang='lat' dir='ltr'>vere</span> <span class='ocrx_word' id='word_1_100' title='bbox 839 1788 916 1865; x_wconf 91' lang='lat' dir='ltr'>quod</span> <span class='ocrx_word' id='word_1_101' title='bbox 945 1788 1085 1863; x_wconf 86' lang='lat' dir='ltr'>imprimis</span> <span class='ocrx_word' id='word_1_102' title='bbox 1112 1791 1168 1848; x_wconf 92' lang='lat' dir='ltr'>hac</span> <span class='ocrx_word' id='word_1_103' title='bbox 1195 1792 1226 1848; x_wconf 94' lang='lat' dir='ltr'>in</span> 
     </span>
     <span class='ocr_line' id='line_1_15' title="bbox 211 1871 1226 1950; baseline 0.006 -23"><span class='ocrx_word' id='word_1_104' title='bbox 211 1888 314 1928; x_wconf 87' lang='lat' dir='ltr'>caussa</span> <span class='ocrx_word' id='word_1_105' title='bbox 335 1875 581 1942; x_wconf 73' lang='lat' dir='ltr'>commemoretur,</span> <span class='ocrx_word' id='word_1_106' title='bbox 602 1871 767 1930; x_wconf 85' lang='lat' dir='ltr'>meminisse</span> <span class='ocrx_word' id='word_1_107' title='bbox 788 1872 902 1931; x_wconf 86' lang='lat' dir='ltr'>iuvabit</span> <span class='ocrx_word' id='word_1_108' title='bbox 915 1891 983 1929; x_wconf 90' lang='lat' dir='ltr'>curn</span> <span class='ocrx_word' id='word_1_109' title='bbox 999 1873 1141 1932; x_wconf 83' lang='lat' dir='ltr'>maximas</span> <span class='ocrx_word' id='word_1_110' title='bbox 1160 1895 1226 1950; x_wconf 92' lang='lat' dir='ltr'>pos-</span> 
     </span>
     <span class='ocr_line' id='line_1_16' title="bbox 210 1953 1225 2032; baseline 0.007 -22"><span class='ocrx_word' id='word_1_111' title='bbox 210 1955 320 2012; x_wconf 87' lang='lat' dir='ltr'>sedisse</span> <span class='ocrx_word' id='word_1_112' title='bbox 340 1953 460 2012; x_wconf 81' lang='lat' dir='ltr'>divitias</span> <span class='ocrx_word' id='word_1_113' title='bbox 480 1973 518 2011; x_wconf 85' lang='lat' dir='ltr'>ex</span> <span class='ocrx_word' id='word_1_114' title='bbox 539 1955 665 2015; x_wconf 87' lang='lat' dir='ltr'>metallis</span> <span class='ocrx_word' id='word_1_115' title='bbox 678 1956 857 2015; x_wconf 88' lang='lat' dir='ltr'>Laureoticis</span> <span class='ocrx_word' id='word_1_116' title='bbox 871 1963 1058 2032; x_wconf 87' lang='lat' dir='ltr'>comparatas,</span> <span class='ocrx_word' id='word_1_117' title='bbox 1079 1959 1131 2017; x_wconf 92' lang='lat' dir='ltr'>ubi</span> <span class='ocrx_word' id='word_1_118' title='bbox 1145 1960 1225 2017; x_wconf 90' lang='lat' dir='ltr'>mille</span> 
     </span>
     <span class='ocr_line' id='line_1_17' title="bbox 210 2038 1223 2119; baseline 0.007 -25"><span class='ocrx_word' id='word_1_119' title='bbox 210 2038 315 2097; x_wconf 89' lang='lat' dir='ltr'>habuit</span> <span class='ocrx_word' id='word_1_120' title='bbox 342 2038 502 2114; x_wconf 88' lang='lat' dir='ltr'>operarics;</span> <span class='ocrx_word' id='word_1_121' title='bbox 538 2059 565 2098; x_wconf 85' lang='lat' dir='ltr'>v.</span> <span class='ocrx_word' id='word_1_122' title='bbox 595 2040 798 2099; x_wconf 87' lang='lat' dir='ltr'>Plutarchi</span> <span class='ocrx_word' id='word_1_123' title='bbox 830 2041 892 2098; x_wconf 89' lang='lat' dir='ltr'>Nic.</span> <span class='ocrx_word' id='word_1_124' title='bbox 922 2060 945 2099; x_wconf 83' lang='lat' dir='ltr'>c.</span> <span class='ocrx_word' id='word_1_125' title='bbox 973 2043 1025 2099; x_wconf 88' lang='lat' dir='ltr'>IV.</span> <span class='ocrx_word' id='word_1_126' title='bbox 1054 2043 1223 2119; x_wconf 90' lang='lat' dir='ltr'>Xenoph.</span> 
     </span>
     <span class='ocr_line' id='line_1_18' title="bbox 162 2122 1223 2199; baseline 0.01 -24"><span class='ocrx_word' id='word_1_127' title='bbox 162 2167 163 2175; x_wconf 73' lang='grc'>,</span> <span class='ocrx_word' id='word_1_128' title='bbox 211 2123 252 2181; x_wconf 92' lang='lat' dir='ltr'>De</span> <span class='ocrx_word' id='word_1_129' title='bbox 274 2122 389 2197; x_wconf 85' lang='lat' dir='ltr'>Veetig.</span> <span class='ocrx_word' id='word_1_130' title='bbox 411 2124 463 2194; x_wconf 84' lang='lat' dir='ltr'>IV,</span> <span class='ocrx_word' id='word_1_131' title='bbox 489 2128 535 2180; x_wconf 85' lang='lat'>14.</span> <span class='ocrx_word' id='word_1_132' title='bbox 584 2125 658 2182; x_wconf 90' lang='lat' dir='ltr'>Inde</span> <span class='ocrx_word' id='word_1_133' title='bbox 679 2125 770 2199; x_wconf 85' lang='lat' dir='ltr'>igitur</span> <span class='ocrx_word' id='word_1_134' title='bbox 790 2124 879 2183; x_wconf 87' lang='lat' dir='ltr'>etiam</span> <span class='ocrx_word' id='word_1_135' title='bbox 899 2127 1066 2198; x_wconf 86' lang='lat' dir='ltr'>magnificos</span> <span class='ocrx_word' id='word_1_136' title='bbox 1086 2126 1151 2185; x_wconf 91' lang='lat' dir='ltr'>illos</span> <span class='ocrx_word' id='word_1_137' title='bbox 1171 2129 1223 2186; x_wconf 88' lang='lat' dir='ltr'>tri-</span> 
     </span>
     <span class='ocr_line' id='line_1_19' title="bbox 210 2206 1223 2285; baseline 0.006 -21"><span class='ocrx_word' id='word_1_138' title='bbox 210 2209 300 2282; x_wconf 89' lang='lat' dir='ltr'>podes</span> <span class='ocrx_word' id='word_1_139' title='bbox 320 2206 433 2282; x_wconf 73' lang='lat' dir='ltr'>possuit,</span> <span class='ocrx_word' id='word_1_140' title='bbox 455 2226 546 2285; x_wconf 91' lang='lat' dir='ltr'>quum</span> <span class='ocrx_word' id='word_1_141' title='bbox 567 2208 710 2283; x_wconf 88' lang='lat' dir='ltr'>choragus</span> <span class='ocrx_word' id='word_1_142' title='bbox 731 2210 849 2269; x_wconf 83' lang='lat' dir='ltr'>vicisset</span> <span class='ocrx_word' id='word_1_143' title='bbox 877 2209 916 2284; x_wconf 83' lang='lat' dir='ltr'>(v.</span> <span class='ocrx_word' id='word_1_144' title='bbox 938 2212 1140 2269; x_wconf 87' lang='lat' dir='ltr'>Plutarchi</span> <span class='ocrx_word' id='word_1_145' title='bbox 1160 2213 1223 2270; x_wconf 87' lang='lat' dir='ltr'>Nic.</span> 
     </span>
     <span class='ocr_line' id='line_1_20' title="bbox 210 2289 1224 2371; baseline 0.004 -21"><span class='ocrx_word' id='word_1_146' title='bbox 210 2313 236 2368; x_wconf 89' lang='lat' dir='ltr'>p.</span> <span class='ocrx_word' id='word_1_147' title='bbox 261 2297 332 2350; x_wconf 80' lang='lat'>524.</span> <span class='ocrx_word' id='word_1_148' title='bbox 355 2289 420 2364; x_wconf 86' lang='lat' dir='ltr'>E.),</span> <span class='ocrx_word' id='word_1_149' title='bbox 441 2308 532 2369; x_wconf 88' lang='lat' dir='ltr'>eoque</span> <span class='ocrx_word' id='word_1_150' title='bbox 561 2292 733 2364; x_wconf 85' lang='lat' dir='ltr'>declaravit,</span> <span class='ocrx_word' id='word_1_151' title='bbox 763 2299 907 2371; x_wconf 90' lang='lat' dir='ltr'>quantum</span> <span class='ocrx_word' id='word_1_152' title='bbox 933 2295 1044 2353; x_wconf 83' lang='lat' dir='ltr'>divitiis</span> <span class='ocrx_word' id='word_1_153' title='bbox 1070 2302 1101 2355; x_wconf 88' lang='lat' dir='ltr'>et</span> <span class='ocrx_word' id='word_1_154' title='bbox 1121 2297 1224 2371; x_wconf 89' lang='lat' dir='ltr'>opibus</span> 
     </span>
     <span class='ocr_line' id='line_1_21' title="bbox 206 2376 1224 2461; baseline 0.004 -27"><span class='ocrx_word' id='word_1_155' title='bbox 206 2376 370 2461; x_wconf 26' lang='lat' dir='ltr'>«tribueret,</span> <span class='ocrx_word' id='word_1_156' title='bbox 401 2376 534 2453; x_wconf 71' lang='lat' dir='ltr'>quemvis</span> <span class='ocrx_word' id='word_1_157' title='bbox 555 2381 683 2435; x_wconf 89' lang='lat' dir='ltr'>ceterum</span> <span class='ocrx_word' id='word_1_158' title='bbox 703 2377 854 2452; x_wconf 84' lang='lat' dir='ltr'>religiosae</span> <span class='ocrx_word' id='word_1_159' title='bbox 875 2379 993 2455; x_wconf 87' lang='lat' dir='ltr'>pietatis</span> <span class='ocrx_word' id='word_1_160' title='bbox 1021 2385 1051 2437; x_wconf 93' lang='lat' dir='ltr'>et</span> <span class='ocrx_word' id='word_1_161' title='bbox 1071 2381 1224 2455; x_wconf 87' lang='lat' dir='ltr'>probitatis</span> 
     </span>
     <span class='ocr_line' id='line_1_22' title="bbox 210 2459 1224 2538; baseline 0.004 -20"><span class='ocrx_word' id='word_1_162' title='bbox 210 2461 297 2518; x_wconf 90' lang='lat' dir='ltr'>laude</span> <span class='ocrx_word' id='word_1_163' title='bbox 318 2459 454 2520; x_wconf 79' lang='grc'><strong>1111111111</strong></span> <span class='ocrx_word' id='word_1_164' title='bbox 473 2460 513 2535; x_wconf 84' lang='lat' dir='ltr'>(v.</span> <span class='ocrx_word' id='word_1_165' title='bbox 535 2460 699 2538; x_wconf 79' lang='lat' dir='ltr'>Thucyd.</span> <span class='ocrx_word' id='word_1_166' title='bbox 721 2463 790 2533; x_wconf 85' lang='lat' dir='ltr'>VII,</span> <span class='ocrx_word' id='word_1_167' title='bbox 814 2465 861 2521; x_wconf 88' lang='grc'>76.</span> <span class='ocrx_word' id='word_1_168' title='bbox 885 2461 962 2535; x_wconf 86' lang='lat'>80.),</span> <span class='ocrx_word' id='word_1_169' title='bbox 991 2467 1026 2521; x_wconf 94' lang='lat' dir='ltr'>ut</span> <span class='ocrx_word' id='word_1_170' title='bbox 1052 2464 1115 2520; x_wconf 87' lang='lat' dir='ltr'>eius</span> <span class='ocrx_word' id='word_1_171' title='bbox 1142 2465 1224 2522; x_wconf 88' lang='lat' dir='ltr'>testi-</span> 
     </span>
     <span class='ocr_line' id='line_1_23' title="bbox 211 2544 1223 2622; baseline 0.004 -20"><span class='ocrx_word' id='word_1_172' title='bbox 211 2545 343 2602; x_wconf 85' lang='lat' dir='ltr'>monium</span> <span class='ocrx_word' id='word_1_173' title='bbox 370 2545 426 2602; x_wconf 89' lang='lat' dir='ltr'>bac</span> <span class='ocrx_word' id='word_1_174' title='bbox 453 2544 486 2602; x_wconf 92' lang='lat' dir='ltr'>in</span> <span class='ocrx_word' id='word_1_175' title='bbox 505 2563 608 2604; x_wconf 86' lang='lat' dir='ltr'>caussa</span> <span class='ocrx_word' id='word_1_176' title='bbox 628 2546 692 2605; x_wconf 91' lang='lat' dir='ltr'>ideo</span> <span class='ocrx_word' id='word_1_177' title='bbox 719 2546 808 2605; x_wconf 87' lang='grc'><strong>1111111</strong></span> <span class='ocrx_word' id='word_1_178' title='bbox 829 2547 947 2621; x_wconf 76' lang='lat' dir='ltr'>gravim</span> <span class='ocrx_word' id='word_1_179' title='bbox 974 2546 1066 2604; x_wconf 81' lang='lat' dir='ltr'>videri</span> <span class='ocrx_word' id='word_1_180' title='bbox 1087 2548 1223 2622; x_wconf 84' lang='lat' dir='ltr'>potuerit.</span> 
     </span>
     <span class='ocr_line' id='line_1_24' title="bbox 211 2629 1224 2708; baseline 0.005 -22"><span class='ocrx_word' id='word_1_181' title='bbox 211 2633 311 2707; x_wconf 85' lang='lat' dir='ltr'>Atque</span> <span class='ocrx_word' id='word_1_182' title='bbox 332 2629 406 2687; x_wconf 87' lang='lat' dir='ltr'>haec</span> <span class='ocrx_word' id='word_1_183' title='bbox 427 2629 544 2707; x_wconf 89' lang='lat' dir='ltr'>quidem</span> <span class='ocrx_word' id='word_1_184' title='bbox 565 2630 661 2688; x_wconf 89' lang='lat' dir='ltr'>omnia</span> <span class='ocrx_word' id='word_1_185' title='bbox 689 2650 780 2708; x_wconf 93' lang='lat' dir='ltr'>quum</span> <span class='ocrx_word' id='word_1_186' title='bbox 800 2631 859 2688; x_wconf 89' lang='lat' dir='ltr'>iam</span> <span class='ocrx_word' id='word_1_187' title='bbox 878 2631 1034 2690; x_wconf 79' lang='lat' dir='ltr'>videantur</span> <span class='ocrx_word' id='word_1_188' title='bbox 1061 2631 1132 2688; x_wconf 89' lang='lat' dir='ltr'>satis</span> <span class='ocrx_word' id='word_1_189' title='bbox 1161 2652 1224 2691; x_wconf 87' lang='lat' dir='ltr'>esse</span> 
     </span>
     <span class='ocr_line' id='line_1_25' title="bbox 212 2713 1225 2793; baseline 0.003 -22"><span class='ocrx_word' id='word_1_190' title='bbox 212 2713 351 2790; x_wconf 84' lang='lat' dir='ltr'>expedita</span> <span class='ocrx_word' id='word_1_191' title='bbox 371 2731 466 2792; x_wconf 89' lang='lat' dir='ltr'>neque</span> <span class='ocrx_word' id='word_1_192' title='bbox 489 2713 542 2771; x_wconf 89' lang='lat' dir='ltr'>ulli</span> <span class='ocrx_word' id='word_1_193' title='bbox 563 2715 738 2774; x_wconf 87' lang='lat' dir='ltr'>dubitationi</span> <span class='ocrx_word' id='word_1_194' title='bbox 766 2716 862 2773; x_wconf 87' lang='lat' dir='ltr'>locum</span> <span class='ocrx_word' id='word_1_195' title='bbox 882 2715 1060 2793; x_wconf 87' lang='lat' dir='ltr'>relinquere,</span> <span class='ocrx_word' id='word_1_196' title='bbox 1088 2721 1152 2774; x_wconf 90' lang='lat' dir='ltr'>tum</span> <span class='ocrx_word' id='word_1_197' title='bbox 1173 2716 1225 2774; x_wconf 88' lang='lat' dir='ltr'>ali·</span> 
     </span>
     <span class='ocr_line' id='line_1_26' title="bbox 211 2797 1227 2877; baseline 0.004 -21"><span class='ocrx_word' id='word_1_198' title='bbox 211 2803 323 2876; x_wconf 88' lang='lat' dir='ltr'>quanto</span> <span class='ocrx_word' id='word_1_199' title='bbox 344 2797 490 2856; x_wconf 88' lang='lat' dir='ltr'>diffieilior</span> <span class='ocrx_word' id='word_1_200' title='bbox 518 2800 649 2876; x_wconf 80' lang='lat' dir='ltr'>quaestio</span> <span class='ocrx_word' id='word_1_201' title='bbox 678 2806 737 2871; x_wconf 89' lang='lat' dir='ltr'>est,</span> <span class='ocrx_word' id='word_1_202' title='bbox 766 2820 838 2857; x_wconf 92' lang='lat' dir='ltr'>num</span> <span class='ocrx_word' id='word_1_203' title='bbox 858 2819 917 2877; x_wconf 89' lang='lat' dir='ltr'>qua</span> <span class='ocrx_word' id='word_1_204' title='bbox 936 2800 1000 2857; x_wconf 88' lang='lat' dir='ltr'>fieri</span> <span class='ocrx_word' id='word_1_205' title='bbox 1020 2801 1162 2875; x_wconf 89' lang='lat' dir='ltr'>potuerit,</span> <span class='ocrx_word' id='word_1_206' title='bbox 1193 2809 1227 2860; x_wconf 92' lang='lat' dir='ltr'>ut</span> 
     </span>
     <span class='ocr_line' id='line_1_27' title="bbox 210 2881 1226 2958; baseline 0.003 -18"><span class='ocrx_word' id='word_1_207' title='bbox 210 2883 296 2941; x_wconf 92' lang='lat' dir='ltr'>Plato</span> <span class='ocrx_word' id='word_1_208' title='bbox 325 2881 524 2941; x_wconf 60' lang='lat' dir='ltr'>verisimiliter</span> <span class='ocrx_word' id='word_1_209' title='bbox 551 2882 688 2958; x_wconf 86' lang='lat' dir='ltr'>Gorgiam</span> <span class='ocrx_word' id='word_1_210' title='bbox 717 2904 777 2941; x_wconf 88' lang='lat' dir='ltr'>una</span> <span class='ocrx_word' id='word_1_211' title='bbox 803 2903 870 2941; x_wconf 92' lang='lat' dir='ltr'>cum</span> <span class='ocrx_word' id='word_1_212' title='bbox 897 2885 968 2942; x_wconf 94' lang='lat' dir='ltr'>Polo</span> <span class='ocrx_word' id='word_1_213' title='bbox 996 2890 1122 2943; x_wconf 86' lang='lat' dir='ltr'>exeunte</span> <span class='ocrx_word' id='word_1_214' title='bbox 1150 2887 1226 2943; x_wconf 88' lang='lat' dir='ltr'>bello</span> 
     </span>
     <span class='ocr_line' id='line_1_28' title="bbox 211 2966 1226 3048; baseline 0.004 -24"><span class='ocrx_word' id='word_1_215' title='bbox 211 2966 458 3044; x_wconf 84' lang='lat' dir='ltr'>Peloponnesiaco</span> <span class='ocrx_word' id='word_1_216' title='bbox 477 2966 539 3026; x_wconf 79' lang='lat' dir='ltr'>sire</span> <span class='ocrx_word' id='word_1_217' title='bbox 561 2987 586 3026; x_wconf 89' lang='lat' dir='ltr'>a.</span> <span class='ocrx_word' id='word_1_218' title='bbox 602 2973 662 3026; x_wconf 82' lang='lat'>405</span> <span class='ocrx_word' id='word_1_219' title='bbox 691 2969 842 3026; x_wconf 82' lang='grc'><strong>1011111.</strong></span> <span class='ocrx_word' id='word_1_220' title='bbox 864 2970 996 3027; x_wconf 83' lang='lat' dir='ltr'>Athenas</span> <span class='ocrx_word' id='word_1_221' title='bbox 1016 2969 1116 3028; x_wconf 91' lang='lat' dir='ltr'>venire</span> <span class='ocrx_word' id='word_1_222' title='bbox 1138 2977 1226 3048; x_wconf 88' lang='lat' dir='ltr'>atque</span> 
     </span>
     <span class='ocr_line' id='line_1_29' title="bbox 212 3051 1227 3130; baseline 0.002 -20"><span class='ocrx_word' id='word_1_223' title='bbox 212 3051 362 3110; x_wconf 82' lang='lat' dir='ltr'>Socratem</span> <span class='ocrx_word' id='word_1_224' title='bbox 382 3056 447 3110; x_wconf 87' lang='lat' dir='ltr'>tum</span> <span class='ocrx_word' id='word_1_225' title='bbox 467 3052 584 3109; x_wconf 89' lang='lat' dir='ltr'>demum</span> <span class='ocrx_word' id='word_1_226' title='bbox 611 3070 677 3110; x_wconf 89' lang='lat' dir='ltr'>cunr</span> <span class='ocrx_word' id='word_1_227' title='bbox 697 3052 755 3110; x_wconf 90' lang='lat' dir='ltr'>illis</span> <span class='ocrx_word' id='word_1_228' title='bbox 776 3059 864 3130; x_wconf 87' lang='lat' dir='ltr'>atque</span> <span class='ocrx_word' id='word_1_229' title='bbox 886 3053 1002 3111; x_wconf 87' lang='lat' dir='ltr'>Callicle</span> <span class='ocrx_word' id='word_1_230' title='bbox 1023 3055 1059 3112; x_wconf 91' lang='lat' dir='ltr'>de</span> <span class='ocrx_word' id='word_1_231' title='bbox 1081 3059 1143 3112; x_wconf 86' lang='lat' dir='ltr'>arte</span> <span class='ocrx_word' id='word_1_232' title='bbox 1164 3074 1227 3112; x_wconf 91' lang='lat' dir='ltr'>ora·</span> 
     </span>
     <span class='ocr_line' id='line_1_30' title="bbox 210 3134 1227 3216; baseline 0.003 -22"><span class='ocrx_word' id='word_1_233' title='bbox 210 3137 287 3194; x_wconf 87' lang='lat' dir='ltr'>toria</span> <span class='ocrx_word' id='word_1_234' title='bbox 307 3141 340 3194; x_wconf 86' lang='lat' dir='ltr'>et</span> <span class='ocrx_word' id='word_1_235' title='bbox 360 3134 440 3195; x_wconf 74' lang='lat' dir='ltr'>civili</span> <span class='ocrx_word' id='word_1_236' title='bbox 461 3148 607 3195; x_wconf 78' lang='lat' dir='ltr'>sermones</span> <span class='ocrx_word' id='word_1_237' title='bbox 627 3136 780 3196; x_wconf 90' lang='lat' dir='ltr'>instituere</span> <span class='ocrx_word' id='word_1_238' title='bbox 800 3137 923 3196; x_wconf 86' lang='lat' dir='ltr'>iuberet.</span> <span class='ocrx_word' id='word_1_239' title='bbox 964 3138 1009 3196; x_wconf 91' lang='lat' dir='ltr'>De</span> <span class='ocrx_word' id='word_1_240' title='bbox 1030 3157 1089 3216; x_wconf 93' lang='lat' dir='ltr'>qua</span> <span class='ocrx_word' id='word_1_241' title='bbox 1109 3139 1227 3216; x_wconf 87' lang='lat' dir='ltr'>quidem</span> 
     </span>
     <span class='ocr_line' id='line_1_31' title="bbox 211 3219 1227 3299; baseline 0.001 -19"><span class='ocrx_word' id='word_1_242' title='bbox 211 3220 385 3299; x_wconf 87' lang='lat' dir='ltr'>quaestione</span> <span class='ocrx_word' id='word_1_243' title='bbox 404 3220 533 3280; x_wconf 82' lang='lat' dir='ltr'>breviter</span> <span class='ocrx_word' id='word_1_244' title='bbox 553 3221 698 3297; x_wconf 88' lang='lat' dir='ltr'>explicare</span> <span class='ocrx_word' id='word_1_245' title='bbox 720 3221 826 3281; x_wconf 89' lang='lat' dir='ltr'>licebit.</span> <span class='ocrx_word' id='word_1_246' title='bbox 858 3219 999 3283; x_wconf 75' lang='lat' dir='ltr'>Quamvis</span> <span class='ocrx_word' id='word_1_247' title='bbox 1019 3240 1089 3282; x_wconf 92' lang='lat' dir='ltr'>vero</span> <span class='ocrx_word' id='word_1_248' title='bbox 1103 3223 1227 3298; x_wconf 81' lang='lat' dir='ltr'>Gorgiae</span> 
     </span>
     <span class='ocr_line' id='line_1_32' title="bbox 211 3305 1227 3382; baseline 0.002 -18"><span class='ocrx_word' id='word_1_249' title='bbox 211 3310 242 3364; x_wconf 87' lang='lat' dir='ltr'>et</span> <span class='ocrx_word' id='word_1_250' title='bbox 262 3305 329 3363; x_wconf 79' lang='lat' dir='ltr'>Po&#39;li</span> <span class='ocrx_word' id='word_1_251' title='bbox 349 3309 481 3380; x_wconf 88' lang='lat' dir='ltr'>tempora</span> <span class='ocrx_word' id='word_1_252' title='bbox 508 3321 611 3381; x_wconf 91' lang='lat' dir='ltr'>parum</span> <span class='ocrx_word' id='word_1_253' title='bbox 639 3307 790 3382; x_wconf 87' lang='lat' dir='ltr'>explorata</span> <span class='ocrx_word' id='word_1_254' title='bbox 817 3308 995 3377; x_wconf 89' lang='lat' dir='ltr'>habeantur,</span> <span class='ocrx_word' id='word_1_255' title='bbox 1024 3312 1123 3365; x_wconf 89' lang='lat' dir='ltr'>tamen</span> <span class='ocrx_word' id='word_1_256' title='bbox 1143 3308 1227 3366; x_wconf 92' lang='lat' dir='ltr'>nobis</span> 
     </span>
     <span class='ocr_line' id='line_1_33' title="bbox 196 3378 1227 3461; baseline 0.003 -15"><span class='ocrx_word' id='word_1_257' title='bbox 196 3378 253 3448; x_wconf 72' lang='lat' dir='ltr'>*lta</span> <span class='ocrx_word' id='word_1_258' title='bbox 274 3391 465 3448; x_wconf 83' lang='lat' dir='ltr'>statuendum</span> <span class='ocrx_word' id='word_1_259' title='bbox 485 3389 614 3461; x_wconf 77' lang='lat' dir='ltr'>videtin,</span> <span class='ocrx_word' id='word_1_260' title='bbox 643 3390 770 3450; x_wconf 89' lang='lat' dir='ltr'>utillud</span> <span class='ocrx_word' id='word_1_261' title='bbox 797 3409 867 3448; x_wconf 88' lang='lat' dir='ltr'>sane</span> <span class='ocrx_word' id='word_1_262' title='bbox 888 3411 946 3448; x_wconf 91' lang='lat' dir='ltr'>non</span> <span class='ocrx_word' id='word_1_263' title='bbox 966 3391 1144 3448; x_wconf 88' lang='lat' dir='ltr'>incommode</span> <span class='ocrx_word' id='word_1_264' title='bbox 1163 3392 1227 3449; x_wconf 89' lang='lat' dir='ltr'>fieri</span> 
     </span>
     <span class='ocr_line' id='line_1_34' title="bbox 210 3473 1228 3549; baseline 0 -17"><span class='ocrx_word' id='word_1_265' title='bbox 210 3473 344 3549; x_wconf 87' lang='lat' dir='ltr'>potuisse</span> <span class='ocrx_word' id='word_1_266' title='bbox 380 3473 561 3548; x_wconf 85' lang='lat' dir='ltr'>largiendum</span> <span class='ocrx_word' id='word_1_267' title='bbox 596 3475 643 3532; x_wconf 89' lang='lat' dir='ltr'>sit.</span> <span class='ocrx_word' id='word_1_268' title='bbox 700 3475 856 3534; x_wconf 82' lang='lat' dir='ltr'>Enimvero</span> <span class='ocrx_word' id='word_1_269' title='bbox 891 3476 1049 3534; x_wconf 91' lang='lat' dir='ltr'>tenendum</span> <span class='ocrx_word' id='word_1_270' title='bbox 1076 3475 1125 3531; x_wconf 90' lang='lat' dir='ltr'>hie</span> <span class='ocrx_word' id='word_1_271' title='bbox 1160 3480 1228 3533; x_wconf 90' lang='lat' dir='ltr'>ante</span> 
     </span>
     <span class='ocr_line' id='line_1_35' title="bbox 211 3558 1228 3636; baseline -0.001 -19"><span class='ocrx_word' id='word_1_272' title='bbox 211 3558 311 3617; x_wconf 90' lang='lat' dir='ltr'>omnia</span> <span class='ocrx_word' id='word_1_273' title='bbox 340 3562 400 3630; x_wconf 89' lang='lat' dir='ltr'>est,</span> <span class='ocrx_word' id='word_1_274' title='bbox 429 3559 507 3636; x_wconf 86' lang='lat' dir='ltr'>quod</span> <span class='ocrx_word' id='word_1_275' title='bbox 534 3577 553 3616; x_wconf 91' lang='lat' dir='ltr'>a</span> <span class='ocrx_word' id='word_1_276' title='bbox 572 3559 718 3636; x_wconf 90' lang='lat' dir='ltr'>plerisque</span> <span class='ocrx_word' id='word_1_277' title='bbox 748 3559 854 3618; x_wconf 90' lang='lat' dir='ltr'>criticis</span> <span class='ocrx_word' id='word_1_278' title='bbox 882 3561 1046 3634; x_wconf 91' lang='lat' dir='ltr'>neglectum</span> <span class='ocrx_word' id='word_1_279' title='bbox 1073 3577 1136 3617; x_wconf 89' lang='lat' dir='ltr'>esse</span> <span class='ocrx_word' id='word_1_280' title='bbox 1157 3579 1228 3617; x_wconf 88' lang='lat' dir='ltr'>sane</span> 
     </span>
     <span class='ocr_line' id='line_1_36' title="bbox 211 3639 1228 3721; baseline 0 -19"><span class='ocrx_word' id='word_1_281' title='bbox 211 3639 336 3713; x_wconf 80' lang='lat' dir='ltr'>mireris,</span> <span class='ocrx_word' id='word_1_282' title='bbox 357 3642 510 3701; x_wconf 85' lang='lat' dir='ltr'>Platonem</span> <span class='ocrx_word' id='word_1_283' title='bbox 530 3643 627 3718; x_wconf 86' lang='lat' dir='ltr'>ipsum</span> <span class='ocrx_word' id='word_1_284' title='bbox 647 3643 679 3699; x_wconf 90' lang='lat' dir='ltr'>in</span> <span class='ocrx_word' id='word_1_285' title='bbox 699 3661 786 3702; x_wconf 88' lang='lat' dir='ltr'>scena</span> <span class='ocrx_word' id='word_1_286' title='bbox 806 3643 913 3717; x_wconf 91' lang='lat' dir='ltr'>dialogi</span> <span class='ocrx_word' id='word_1_287' title='bbox 935 3649 965 3702; x_wconf 92' lang='lat' dir='ltr'>et</span> <span class='ocrx_word' id='word_1_288' title='bbox 984 3643 1016 3700; x_wconf 89' lang='lat' dir='ltr'>in</span> <span class='ocrx_word' id='word_1_289' title='bbox 1036 3642 1148 3721; x_wconf 88' lang='lat' dir='ltr'>reliquo</span> <span class='ocrx_word' id='word_1_290' title='bbox 1169 3663 1228 3702; x_wconf 89' lang='lat' dir='ltr'>ser·</span> 
     </span>
     <span class='ocr_line' id='line_1_37' title="bbox 211 3726 1229 3805; baseline 0.001 -21"><span class='ocrx_word' id='word_1_291' title='bbox 211 3740 297 3786; x_wconf 78' lang='lat' dir='ltr'>mor&#39;re</span> <span class='ocrx_word' id='word_1_292' title='bbox 318 3726 395 3784; x_wconf 80' lang='lat' dir='ltr'>nihil</span> <span class='ocrx_word' id='word_1_293' title='bbox 416 3726 576 3805; x_wconf 84' lang='lat' dir='ltr'>quidquam</span> <span class='ocrx_word' id='word_1_294' title='bbox 595 3727 741 3803; x_wconf 88' lang='lat' dir='ltr'>posuisse,</span> <span class='ocrx_word' id='word_1_295' title='bbox 763 3728 842 3785; x_wconf 91' lang='lat' dir='ltr'>unde</span> <span class='ocrx_word' id='word_1_296' title='bbox 863 3728 899 3785; x_wconf 87' lang='lat' dir='ltr'>de</span> <span class='ocrx_word' id='word_1_297' title='bbox 920 3728 1013 3804; x_wconf 90' lang='lat' dir='ltr'>prima</span> <span class='ocrx_word' id='word_1_298' title='bbox 1032 3728 1084 3785; x_wconf 91' lang='lat' dir='ltr'>illa</span> <span class='ocrx_word' id='word_1_299' title='bbox 1105 3728 1229 3804; x_wconf 82' lang='lat' dir='ltr'>Gorgiae</span> 
     </span>
     <span class='ocr_line' id='line_1_38' title="bbox 210 3811 1229 3886; baseline 0.001 -18"><span class='ocrx_word' id='word_1_300' title='bbox 210 3811 359 3886; x_wconf 87' lang='lat' dir='ltr'>legatione</span> <span class='ocrx_word' id='word_1_301' title='bbox 390 3829 415 3869; x_wconf 90' lang='lat' dir='ltr'>a.</span> <span class='ocrx_word' id='word_1_302' title='bbox 438 3814 499 3870; x_wconf 70' lang='lat'>427</span> <span class='ocrx_word' id='word_1_303' title='bbox 521 3811 600 3870; x_wconf 82' lang='lat' dir='ltr'>facta</span> <span class='ocrx_word' id='word_1_304' title='bbox 628 3816 680 3870; x_wconf 90' lang='lat' dir='ltr'>aut</span> <span class='ocrx_word' id='word_1_305' title='bbox 707 3814 743 3870; x_wconf 91' lang='lat' dir='ltr'>de</span> <span class='ocrx_word' id='word_1_306' title='bbox 771 3817 900 3886; x_wconf 91' lang='lat' dir='ltr'>tempore</span> <span class='ocrx_word' id='word_1_307' title='bbox 930 3812 957 3870; x_wconf 90' lang='lat' dir='ltr'>ei</span> <span class='ocrx_word' id='word_1_308' title='bbox 985 3813 1082 3870; x_wconf 84' lang='lat' dir='ltr'>vicino</span> <span class='ocrx_word' id='word_1_309' title='bbox 1110 3812 1229 3885; x_wconf 88' lang='lat' dir='ltr'>cogitari</span> 
     </span>
     <span class='ocr_line' id='line_1_39' title="bbox 209 3895 1229 3974; baseline 0 -20"><span class='ocrx_word' id='word_1_310' title='bbox 209 3901 344 3972; x_wconf 79' lang='lat' dir='ltr'>oportere</span> <span class='ocrx_word' id='word_1_311' title='bbox 367 3899 569 3974; x_wconf 80' lang='lat' dir='ltr'>consequahn.</span> <span class='ocrx_word' id='word_1_312' title='bbox 614 3897 677 3954; x_wconf 91' lang='lat' dir='ltr'>Imo</span> <span class='ocrx_word' id='word_1_313' title='bbox 698 3895 857 3955; x_wconf 86' lang='lat' dir='ltr'>clarissime</span> <span class='ocrx_word' id='word_1_314' title='bbox 878 3897 1019 3956; x_wconf 85' lang='lat' dir='ltr'>indicavit</span> <span class='ocrx_word' id='word_1_315' title='bbox 1039 3897 1229 3972; x_wconf 91' lang='lat' dir='ltr'>philosophus</span> 
     </span>
     <span class='ocr_line' id='line_1_40' title="bbox 210 3979 1232 4058; baseline 0 -20"><span class='ocrx_word' id='word_1_316' title='bbox 210 3980 348 4040; x_wconf 87' lang='lat' dir='ltr'>habiturn</span> <span class='ocrx_word' id='word_1_317' title='bbox 369 3979 441 4054; x_wconf 82' lang='lat' dir='ltr'>fingi</span> <span class='ocrx_word' id='word_1_318' title='bbox 467 3979 627 4054; x_wconf 88' lang='lat' dir='ltr'>dialogum,</span> <span class='ocrx_word' id='word_1_319' title='bbox 657 4000 714 4058; x_wconf 92' lang='lat' dir='ltr'>qno</span> <span class='ocrx_word' id='word_1_320' title='bbox 742 3985 871 4056; x_wconf 86' lang='lat' dir='ltr'>tempore</span> <span class='ocrx_word' id='word_1_321' title='bbox 899 3982 999 4040; x_wconf 91' lang='lat' dir='ltr'>rhetor</span> <span class='ocrx_word' id='word_1_322' title='bbox 1025 3982 1074 4040; x_wconf 88' lang='lat' dir='ltr'>vel</span> <span class='ocrx_word' id='word_1_323' title='bbox 1102 3981 1232 4056; x_wconf 87' lang='lat' dir='ltr'>sophista</span> 
     </span>
     <span class='ocr_line' id='line_1_41' title="bbox 210 4063 1232 4141; baseline -0.001 -18"><span class='ocrx_word' id='word_1_324' title='bbox 210 4064 418 4124; x_wconf 83' lang='lat' dir='ltr'>celeberrimus</span> <span class='ocrx_word' id='word_1_325' title='bbox 444 4063 505 4123; x_wconf 87' lang='lat' dir='ltr'>iam</span> <span class='ocrx_word' id='word_1_326' title='bbox 538 4064 696 4123; x_wconf 86' lang='lat' dir='ltr'>crebriores</span> <span class='ocrx_word' id='word_1_327' title='bbox 730 4082 782 4140; x_wconf 89' lang='lat' dir='ltr'>per</span> <span class='ocrx_word' id='word_1_328' title='bbox 810 4065 960 4123; x_wconf 83' lang='lat' dir='ltr'>Graeciam</span> <span class='ocrx_word' id='word_1_329' title='bbox 987 4065 1232 4141; x_wconf 89' lang='lat' dir='ltr'>peregrinationes</span> 
     </span>
     <span class='ocr_line' id='line_1_42' title="bbox 210 4149 1231 4226; baseline -0.003 -18"><span class='ocrx_word' id='word_1_330' title='bbox 210 4149 398 4226; x_wconf 72' lang='lat' dir='ltr'>smcepisset.</span> <span class='ocrx_word' id='word_1_331' title='bbox 440 4149 518 4210; x_wconf 80' lang='lat' dir='ltr'>Nam</span> <span class='ocrx_word' id='word_1_332' title='bbox 538 4168 565 4226; x_wconf 92' lang='lat' dir='ltr'>p.</span> <span class='ocrx_word' id='word_1_333' title='bbox 588 4154 658 4206; x_wconf 85' lang='lat'>449.</span> <span class='ocrx_word' id='word_1_334' title='bbox 680 4149 712 4206; x_wconf 92' lang='lat' dir='ltr'>B.</span> <span class='ocrx_word' id='word_1_335' title='bbox 735 4149 874 4223; x_wconf 88' lang='lat' dir='ltr'>Gorgiam</span> <span class='ocrx_word' id='word_1_336' title='bbox 900 4149 970 4208; x_wconf 81' lang='lat' dir='ltr'>fecit</span> <span class='ocrx_word' id='word_1_337' title='bbox 996 4151 1069 4208; x_wconf 89' lang='lat' dir='ltr'>haec</span> <span class='ocrx_word' id='word_1_338' title='bbox 1095 4150 1231 4224; x_wconf 88' lang='lat' dir='ltr'>profiten-</span> 
     </span>
     <span class='ocr_line' id='line_1_43' title="bbox 210 4227 1234 4312; baseline 0 -20"><span class='ocrx_word' id='word_1_339' title='bbox 210 4239 289 4292; x_wconf 84' lang='lat' dir='ltr'>tem:</span> <span class='ocrx_word' id='word_1_340' title='bbox 310 4227 577 4312; x_wconf 68' lang='grc' dir='ltr'>ἕπαγγέλλθμαίγε</span> <span class='ocrx_word' id='word_1_341' title='bbox 591 4235 683 4292; x_wconf 78' lang='grc' dir='ltr'><strong><em>τοῦτο</em></strong></span> <span class='ocrx_word' id='word_1_342' title='bbox 699 4227 741 4291; x_wconf 76' lang='grc' dir='ltr'>οὐ</span> <span class='ocrx_word' id='word_1_343' title='bbox 757 4229 875 4309; x_wconf 80' lang='grc' dir='ltr'>μόνον</span> <span class='ocrx_word' id='word_1_344' title='bbox 890 4229 1034 4291; x_wconf 73' lang='grc' dir='ltr'><em>ἐνθάδε</em></span> <span class='ocrx_word' id='word_1_345' title='bbox 1047 4232 1234 4307; x_wconf 85' lang='lat' dir='ltr'>(Athenis),</span> 
     </span>
     <span class='ocr_line' id='line_1_44' title="bbox 212 4309 1233 4394; baseline -0.001 -18"><span class='ocrx_word' id='word_1_346' title='bbox 212 4312 290 4376; x_wconf 75' lang='grc' dir='ltr'>ἀλλὰ</span> <span class='ocrx_word' id='word_1_347' title='bbox 317 4315 369 4376; x_wconf 77' lang='grc' dir='ltr'>καὶ</span> <span class='ocrx_word' id='word_1_348' title='bbox 398 4309 521 4376; x_wconf 69' lang='grc' dir='ltr'><strong><em>ἄλλοθι.</em></strong></span> <span class='ocrx_word' id='word_1_349' title='bbox 563 4315 705 4380; x_wconf 79' lang='lat' dir='ltr'>Quocirca</span> <span class='ocrx_word' id='word_1_350' title='bbox 731 4318 794 4394; x_wconf 91' lang='lat' dir='ltr'>ipso</span> <span class='ocrx_word' id='word_1_351' title='bbox 823 4318 893 4375; x_wconf 87' lang='lat' dir='ltr'>adeo</span> <span class='ocrx_word' id='word_1_352' title='bbox 915 4317 1037 4374; x_wconf 87' lang='lat' dir='ltr'>Platone</span> <span class='ocrx_word' id='word_1_353' title='bbox 1065 4323 1140 4375; x_wconf 91' lang='lat' dir='ltr'>teste</span> <span class='ocrx_word' id='word_1_354' title='bbox 1168 4337 1233 4375; x_wconf 88' lang='lat' dir='ltr'>sen·</span> 
     </span>
     <span class='ocr_line' id='line_1_45' title="bbox 210 4401 1235 4479; baseline -0.002 -19"><span class='ocrx_word' id='word_1_355' title='bbox 210 4401 309 4461; x_wconf 81' lang='lat' dir='ltr'>tentia</span> <span class='ocrx_word' id='word_1_356' title='bbox 335 4418 439 4478; x_wconf 80' lang='lat' dir='ltr'>eornm</span> <span class='ocrx_word' id='word_1_357' title='bbox 465 4401 577 4463; x_wconf 74' lang='lat' dir='ltr'>fraudis</span> <span class='ocrx_word' id='word_1_358' title='bbox 604 4401 788 4477; x_wconf 83' lang='lat' dir='ltr'>coarguitur,</span> <span class='ocrx_word' id='word_1_359' title='bbox 818 4401 870 4479; x_wconf 90' lang='lat' dir='ltr'>qni</span> <span class='ocrx_word' id='word_1_360' title='bbox 896 4402 1002 4476; x_wconf 87' lang='lat' dir='ltr'>dialogi</span> <span class='ocrx_word' id='word_1_361' title='bbox 1023 4402 1235 4477; x_wconf 87' lang='lat' dir='ltr'>perorationem</span> 
     </span>
    </p>
   </div>
   <div class='ocr_carea' id='block_1_3' title="bbox 994 4513 1034 4564">
    <p class='ocr_par' dir='ltr' id='par_1_3' title="bbox 994 4513 1034 4564">
     <span class='ocr_line' id='line_1_46' title="bbox 994 4513 1034 4564; baseline 0 -18"><span class='ocrx_word' id='word_1_362' title='bbox 994 4513 1034 4564; x_wconf 64' lang='grc' dir='ltr'>ὁ*</span> 
     </span>
    </p>
   </div>
   <div class='ocr_carea' id='block_1_4' title="bbox 0 0 1634 5259">
    <p class='ocr_par' dir='ltr' id='par_1_4' title="bbox 0 0 1634 5259">
     <span class='ocr_line' id='line_1_47' title="bbox 0 0 1634 5259; baseline 0 0"><span class='ocrx_word' id='word_1_363' title='bbox 0 0 1634 5259; x_wconf 95' lang='lat' dir='ltr'> </span> 
     </span>
    </p>
   </div>
  </div>
 </body>
</html>
