3242 5259
335 591 396 647 320
747 587 943 648 PLA'PONIS

335 753 475 830 φρονεῖς.
506 758 545 832 τῇ
574 746 608 812 δὲ
635 749 769 834 ἀληθείᾳ
799 751 932 815 κάλλιόν
961 748 1026 814 ἐστι
1056 751 1226 834 σοφιστικὴ
1260 752 1352 835 ῥητο

335 856 442 930 ρικῆς,
482 845 608 931 ὅσῳπερ
635 846 830 931 νομοθετικὴ
861 849 1042 930 δικαστικῆς
1068 847 1122 913 καὶ
1148 849 1352 934 γυμναστικὴ

335 945 484 1027 ἰατρικῆς.
514 947 626 1027 μόνοις
653 946 680 1010 δ’
710 944 809 1030 ἔγωγε
829 945 885 1010 καὶ
904 949 995 1030 ᾤμην
1014 952 1083 1021 τοῖς
1103 947 1300 1030 δημηγόροις
1319 969 1351 1011 τε

333 1043 387 1107 καὶ
416 1048 583 1124 σοφισταῖς
609 1045 669 1108 οὐκ
697 1041 849 1127 ἐγχωρεῖν
878 1042 1062 1126 μέμφεσθαι
1080 1046 1186 1129 τούτῳ
1206 1054 1252 1126 τῷ
1273 1049 1350 1127 πρά-

333 1164 439 1224 γματι,
461 1138 587 1204 ὃαύτοὶ
608 1141 829 1221 παιδεύουσιν,
852 1141 895 1216 ὡς
915 1144 1061 1224 πονηρόν
1082 1141 1167 1206 ἐστιν
1189 1145 1234 1218 εἰς
1255 1155 1349 1225 σφάς,

333 1239 416 1326 ἢτῷ
438 1240 525 1321 αὐτῷ
546 1239 631 1323 λόγῳ
651 1241 755 1327 τούτῳ
776 1239 842 1321 ἀμα
862 1237 916 1302 καὶ
935 1237 1060 1305 ἑαυτῶν
1079 1247 1281 1323 κατηγορεῖν,
1303 1243 1351 1305 ὅτι

283 1339 311 1406 O
334 1337 432 1401 οὐδὲν
459 1335 663 1419 ώφελήκασιν
692 1336 749 1412 οὕς
775 1351 876 1418 φασιν
897 1335 1043 1418 ὠφελεῖν.
1066 1341 1126 1420 οὐχ
1146 1339 1250 1414 οὕτως
1271 1337 1349 1421 ἔχεις

335 1439 439 1500 ΚΑΛ.
469 1437 564 1499 Πάνυ
592 1457 636 1516 γε.
685 1437 763 1498 ΣΩ.
804 1435 871 1498 Καὶ
901 1435 1061 1517 προέσθαι
1090 1458 1127 1519 γε
1153 1437 1262 1520 δήπου
1291 1438 1349 1518 τὴν

333 1535 516 1616 εὐεργεσίαν
543 1537 623 1597 ἀνευ
650 1539 790 1615 μισθοῦ,
820 1533 863 1608 ὡς
892 1534 929 1597 τὸ
959 1535 1059 1611 εἰκός,
1090 1537 1204 1616 μόνοις
1224 1536 1349 1610 τούτοις

334 1626 489 1714 ἐνεχώρει,
511 1631 599 1712 εἴπερ
615 1631 721 1713 ἀληθῆ
741 1628 860 1712 ἔλεγον.
883 1634 984 1711 ἀλλην
1004 1630 1144 1714 μὲνγὰρ
1166 1635 1349 1714 εὐεργεσίαν

332 1753 380 1804 τις
401 1731 625 1812 εὐεργετηθείς,
647 1723 720 1793 οἷον
743 1728 840 1812 ταχὺς
861 1731 1034 1811 γενόμενος
1054 1730 1107 1794 διὰ
1129 1732 1347 1814 παιδοτρίβην,

331 1828 408 1903 ἴσως
426 1827 467 1891 ἀν
481 1828 704 1909 ἀποστερήσειε
723 1824 783 1909 τὴν
803 1829 905 1910 χάριν,
926 1828 954 1890 εἰ
973 1832 1108 1908 προοῖτο
1130 1830 1219 1910 αὐτῷ
1240 1830 1258 1892 ὁ
1280 1852 1347 1892 παι-

332 1926 481 2008 δοτρίβης
508 1926 563 1989 καὶ
590 1925 634 2007 μὴ
655 1922 856 2007 συνθέμενος
877 1927 967 2012 αὐτῷ
984 1928 1105 2008 μισθὸν
1126 1921 1145 1990 ὅ
1165 1948 1196 1990 τι
1214 1928 1346 2008 μάλιστα

332 2023 398 2106 ἀμα
428 2023 618 2104 μεταδιδοὺς
645 2033 704 2087 τοῦ
730 2024 848 2105 τάχους
872 2025 1032 2105 λαμβάνοι
1051 2025 1088 2087 τὸ
1110 2025 1287 2107 ἀργύριον·
1307 2027 1344 2089 οὐ

275 2122 307 2186 Ι)
329 2123 393 2204 γὰρ
422 2132 461 2205 τῇ
482 2122 673 2203 βραδυτῆτι,
704 2115 809 2203 οἶμαι,
839 2121 1008 2185 ἀδικοῦσιν
1028 2122 1060 2184 οἱ
1079 2125 1263 2204 ἅνθρωποι,
1281 2116 1342 2184 ἀλλ’

383 2305 412 2360 Ο.
448 2304 480 2355 εἰ
503 2303 656 2369 προοῖτο]
680 2304 723 2354 sie
745 2304 805 2354 vat.
836 2303 922 2370 Vulgo
947 2302 1062 2367 πρόοιτο.
1089 2321 1114 2354 v.
1132 2306 1283 2356 Buttmann.
1301 2305 1342 2355 (ir.

332 2376 355 2436 §-
366 2371 407 2424 95.
421 2374 446 2424 b.
464 2373 598 2423 Matthiae.
612 2373 655 2424 Gr.
669 2373 692 2433 §-
704 2370 762 2423 208.
774 2372 799 2422 2.
817 2373 942 2438 Krueger.
956 2372 989 2423 nd
1001 2371 1119 2439 Xenoph.
1139 2373 1226 2425 Aneb.
1244 2375 1266 2438 I,
1282 2371 1305 2437 9,
1322 2371 1343 2423 ἵ.

330 2442 449 2493 Platonis
466 2441 527 2491 libri
544 2442 611 2490 inter
628 2441 676 2490 hee
694 2441 790 2491 formas
808 2438 885 2490 valde
902 2441 1067 2491 fluctuantur.

382 2507 825 2643 δάράἀτδὸυάδδιτ]οτηοὶδῗιέάῑῐ]
842 2509 894 2626 lidi·
913 2571 1039 2640 α’φαιροῖ,
1067 2575 1138 2640 quod
1167 2593 1202 2627 ex
1229 2577 1342 2643 plurimis

332 2646 486 2712 optimisque
503 2645 576 2695 libris
594 2650 728 2695 mutatum.

381 2711 459 2764 ἀλλὰ
482 2711 571 2780 μόνῳ
595 2710 686 2779 dep]
714 2713 758 2762 sie
783 2712 849 2762 Ven.
870 2711 899 2762 Ξ.
929 2711 1008 2761 Vind.
1030 2709 1054 2764 2.
1080 2712 1139 2764 Par.
1157 2711 1212 2762 IV.
1236 2712 1305 2766 Fiet.
1322 2728 1342 2762 ε.

331 2783 399 2849 Aug.
415 2783 522 2832 Meerm.
556 2782 643 2847 Vulgo
661 2787 717 2832 erat
733 2775 784 2830 ἀλλ’
806 2771 928 2847 ᾦμόνφ.
961 2779 1073 2830 Plurimi
1089 2778 1164 2831 codd.
1182 2795 1243 2830 enm
1260 2781 1343 2832 Clark.

364 2979 394 3027 B.
446 2974 580 3027 κάλλιόν
615 2973 682 3026 ἐστι
719 2991 809 3039 σοφι-
863 2978 934 3028 τίουε
958 2970 1137 3041 ἀπεργάζεται.
1162 2977 1206 3026 καὶ
1224 2980 1342 3043 γίγνεται,

334 3041 440 3110 σιική]
471 3044 505 3093 Η.
523 3059 546 3094 e.
568 3041 682 3109 τοσούτῳ
700 3040 810 3094 κάλλιον.
863 3046 955 3108 φησίν,
980 3041 1081 3110 ἰατρικὴ
1098 3047 1231 3109 πονηρίας
1256 3042 1343 3109 ’δι’κη.

332 3129 356 3163 v.
380 3112 413 3163 ed
435 3110 545 3178 Apolog.
563 3111 661 3162 Βουτοῖ.
678 3128 703 3177 p.
720 3109 761 3163 30.
778 3113 809 3162 A.
896 3108 912 3177 ἢ
938 3114 978 3177 τῷ
1004 3108 1092 3178 αὐτῷ
1118 3109 1204 3178 λόγῳ
1228 3064 1264 3179 ni
1296 3113 1342 3161 Per

331 3186 358 3230 et
380 3197 459 3247 supra
481 3196 506 3246 p.
528 3176 586 3231 458.
609 3180 642 3229 A.
674 3179 813 3245 Sopater
863 3179 971 3244 synesin
982 3194 1015 3228 ex
1032 3185 1184 3245 entegreeeo
1203 3176 1252 3230 οὐκ
1268 3179 1338 3245 ἐγχο-

331 3249 449 3316 Prolegg.
472 3248 503 3299 de
525 3248 575 3297 hoe
596 3247 668 3297 loco:
696 3252 741 3298 τοῦ
762 3248 812 3309 μὲν
865 3253 925 3309 ρεῖν
954 3247 1038 3297 intell.
1064 3253 1123 3314 poet
1149 3244 1165 3314 ἦ
1188 3248 1341 3300 cenuvium

333 3316 448 3378 σώματος
466 3318 615 3381 θεραπείαν
632 3314 699 3382 λέγει
716 3315 810 3380 (Plato)
863 3310 1008 3381 ἀναγκαῖον
1025 3308 1102 3365 εἶναι.
1137 3315 1201 3365 Alia
1220 3316 1248 3366 id
1264 3331 1343 3382 genus

331 3382 377 3453 τήν
389 3403 415 3436 τε
429 3381 605 3466 γνμνασιικην
623 3383 669 3450 τήν
687 3400 713 3432 τε
731 3383 811 3448 ἰατρι·
862 3384 1053 3433 illustravimus
1069 3383 1103 3434 ed
1120 3384 1194 3449 Reip.
1211 3384 1284 3438 Libr.
1301 3384 1343 3433 VI.

330 3451 388 3521 κήν.
406 3449 422 3520 ἡ
440 3449 556 3518 μὲνγὰρ
575 3453 641 3504 ολαε
659 3447 692 3502 οὐ
710 3467 810 3517 συγχω-
862 3467 888 3517 ρ.
910 3448 969 3502 490.
991 3453 1023 3501 Α.
1051 3451 1161 3502 Phaedr.
1185 3469 1211 3518 p.
1232 3450 1293 3503 245.
1314 3451 1343 3500 E.

332 3528 374 3586 ρεῖ
387 3528 480 3572 νοσεῖν
497 3517 544 3587 τὴν
562 3514 655 3584 ἀρχήν,
679 3515 694 3586 ἡ
712 3537 811 3586 γυμνα-
862 3520 894 3569 ef.
911 3535 938 3583 p.
954 3518 1012 3571 271.
1026 3521 1056 3572 E.
1080 3519 1196 3584 Euthyd.
1209 3535 1233 3585 p.
1245 3518 1305 3571 286.
1315 3520 1343 3568 Ε.

332 3587 416 3656 σιική·
450 3586 456 3607 ‘
481 3589 511 3639 δὲ
534 3583 635 3653 ιάτρική
659 3584 686 3638 td
711 3592 811 3637 νοσοῦν
861 3589 967 3638 Menon.
989 3603 1015 3653 p.
1032 3585 1072 3638 96.
1093 3589 1124 3638 E.
1165 3587 1260 3638 Paullo
1286 3594 1345 3637 ente

329 3660 482 3723 θεραπενει.
512 3659 553 3708 καὶ
581 3651 732 3718 ἀμφοτέρας
762 3655 811 3717 μὲν
863 3660 898 3722 τῷ
921 3652 1048 3721 πράγματι
1074 3654 1105 3705 δε
1128 3655 1225 3720 populo
1252 3655 1345 3706 intelli-

329 3725 432 3776 ἐπαινεῖ
437 3721 666 3788 τάεπαραοκευάε,
681 3722 723 3773 ἐπὶ
734 3722 812 3773 πλέον
860 3722 982 3790 gendum.
1004 3739 1029 3772 v.
1046 3722 1078 3772 ad
1097 3723 1197 3774 Criton.
1214 3739 1240 3788 p.
1258 3722 1299 3775 53.
1318 3723 1346 3773 0.

330 3792 359 3845 δὲ
386 3790 431 3860 τὴν
455 3790 632 3859 γυμναστικὴν
658 3797 702 3858 τῆς
730 3790 810 3856 ἰαιρι-
896 3791 925 3841 Ο.
961 3791 1026 3841 Καὶ
1052 3789 1223 3853 προέσθαι
1240 3809 1278 3857 γε
1297 3788 1346 3856 δή·

329 3868 382 3928 κῆρ.
409 3860 475 3926 φησὶ
497 3858 546 3927 γὰρ
572 3858 607 3927 μὴ
633 3866 724 3909 νοσεῖν
745 3857 810 3912 ὅλαι
863 3876 924 3908 που
944 3855 1000 3925 τὴν
1017 3853 1141 3924 edem]
1162 3859 1197 3908 Η.
1215 3875 1239 3909 ο.
1257 3859 1345 3910 ultro

328 3923 810 3996 ἀρχὴν(ἀμεινονεῖναι)ἢνοσοῦνια
861 3925 1075 3977 beneficium
1114 3926 1246 3977 deferre
1281 3943 1346 3977 non

328 3997 538 4062 θεραπεύεσθαι.
557 3993 654 4058 δμοίως
672 3994 749 4045 πάλιν
766 3996 808 4045 καὶ
861 3999 961 4060 pacta
989 3993 1146 4044 mercede.
1178 3991 1218 4032 -“
1246 3995 1347 4046 Deinde

330 4064 371 4116 ἐπὶ
394 4071 439 4132 τῆς
456 4069 539 4131 ψυχῆς
558 4061 606 4114 δύο
624 4062 689 4128 μέρη
708 4061 808 4123 δίδωσι,
860 4064 1039 4128 imperfectum
1079 4058 1202 4126 ἀνεχώρει
1241 4063 1348 4128 ponitur

329 4130 375 4201 τὴν
402 4131 577 4199 νομοθετικὴν
600 4131 642 4181 καὶ
668 4127 715 4199 τὴν
739 4132 808 4181 deue-
860 4132 917 4181 eine
934 4127 981 4189 ἅν,
1003 4130 1127 4195 quoniam
1148 4129 1178 4180 id
1200 4131 1347 4181 neeeeerrio

330 4199 425 4268 σιικήν,
445 4198 460 4268 ἡ
477 4201 527 4261 μὲν
544 4197 607 4266 γάρ,
633 4203 711 4265 φησί,
738 4196 808 4249 διδά-
860 4200 976 4249 futurum
998 4199 1078 4249 fuisse
1096 4198 1136 4248 eie
1153 4199 1301 4265 significet,
1324 4200 1348 4247 ei

330 4285 384 4319 οκει
410 4266 440 4319 τά
466 4287 492 4319 τε
518 4267 604 4317 δίκαια
629 4268 672 4317 καὶ
700 4263 728 4316 ιά
746 4263 809 4317 καλὰ
860 4282 923 4317 vere
945 4266 1069 4317 dicerent
1094 4282 1120 4315 v.
1143 4266 1177 4316 ad
1195 4283 1220 4331 p.
1237 4265 1297 4318 514.
1317 4266 1346 4316 Ο.

328 4339 370 4386 καὶ
394 4333 423 4385 ui
443 4335 626 4401 συμφέροντα·
650 4333 715 4399 ἡδὲ
732 4342 809 4386 ταῦτα
860 4343 886 4387 et
903 4336 992 4399 Symp.
1009 4351 1034 4399 p.
1053 4331 1111 4385 190.
1128 4334 1157 4384 C.
1290 4388 1299 4402 ,

328 4405 542 4468 παραβαίνονιαε
563 4401 666 4467 κολάζει
689 4402 731 4453 καὶ
749 4404 808 4468 βελ·
894 4405 946 4453 καὶ
964 4398 1005 4469 μὴ
1023 4400 1244 4463 συνθέμενον
1261 4431 1296 4441 -
1308 4398 1345 4471 ,τὸ
