3242 5259
337 602 398 655 260
732 593 891 654 PLATON
895 593 935 653 IS

338 759 406 841 ἥτις
434 755 468 822 δὲ
494 756 515 839 ἢ
537 757 669 836 βελτίων
697 754 717 837 ἢ
739 756 853 838 χείρων
880 760 946 820 τοῖν
965 755 1095 838 ἡδονῶν
1116 758 1192 819 οὔτε
1222 756 1354 820 σκοπού-

278 870 305 938 0
339 879 443 939 μενον,
465 859 537 919 οὔτε
558 851 656 936 μέλον
677 854 789 928 αὐτοῖς
808 857 887 917 ἄλλο
907 853 927 935 ἢ
948 853 1134 935 χαρίζεσθαι
1153 854 1278 934 μόνον,
1299 854 1355 917 εἴτε

340 953 466 1034 βέλτιον
487 953 547 1016 εἴτε
568 957 684 1035 χεῖρον.
706 949 775 1033 ἐμοὶ
791 951 850 1034 μὲν
863 952 936 1032 γάρ,
959 943 1201 1028 ὧΚαλλίκλεις,
1224 952 1354 1016 δοκοῦσι’

340 1075 372 1117 τε
392 1048 484 1128 εἶναι,
506 1049 559 1114 καὶ
581 1046 679 1131 ἔγωγὲ
698 1072 780 1131 φημι
800 1053 837 1113 τὸ
853 1059 1005 1114 τοιοῦτον
1020 1048 1191 1111 κολακείαν
1208 1042 1356 1113 εἶναικαὶ

340 1152 412 1231 περὶ
429 1159 519 1232 σῶμα
535 1146 589 1212 καὶ
602 1147 675 1228 περὶ
690 1146 799 1229 ψυχὴν
815 1146 868 1209 καὶ
883 1145 956 1229 περὶ
971 1150 1060 1222 ἄλλο,
1082 1145 1162 1210 ὄιον
1177 1150 1223 1210 ἄν
1239 1170 1287 1222 τις
1301 1148 1356 1230 τὴν

340 1246 464 1331 ἡδονὴν
483 1247 649 1328 θεραπεύῃ
680 1243 844 1319 αόκέπιοις
873 1241 953 1327 ἔχων
973 1254 1032 1308 τοῦ
1053 1244 1229 1326 ἀμείνονος
1253 1246 1356 1310 τεκαὶ

341 1358 399 1410 τοῦ
426 1345 587 1428 χείρονος·
618 1343 658 1406 σὺ
690 1341 724 1406 δὲ
750 1340 789 1424 δὴ
819 1342 957 1423 πότερον
985 1342 1259 1423 συγκαταιίθεοαι
1284 1343 1357 1425 ἡμῖν

341 1443 413 1523 περὶ
433 1444 558 1506 τούτων
578 1439 638 1524 τὴν
659 1441 762 1522 αὐτὴν
782 1440 897 1518 δόξαν,
926 1436 948 1522 ἢ
973 1440 1129 1522 α’νιίφῃςς
1158 1443 1267 1504 ΚΑΛ.
1292 1442 1356 1506 Οὐκ

343 1538 460 1622 ἔγωγε,
491 1538 570 1602 ott&
598 1547 771 1621 συγχωρῶ,
800 1538 855 1600 ΐνοι
883 1554 934 1601 σοι
955 1536 1008 1601 καὶ
1033 1542 1185 1619 περανθῇ
1216 1537 1355 1621 ὀλόγος,

279 1645 311 1708 D
342 1637 396 1703 καὶ
425 1637 547 1721 Γοργίᾳ
583 1638 661 1717 τῷδε
697 1637 882 1719 χαρίσωμαι.
938 1638 1012 1699 ΣΩ.
1043 1637 1192 1716 Πότερον
1222 1637 1257 1700 δὲ
1291 1637 1355 1718 περὶ

342 1735 401 1817 μὲν
421 1736 498 1816 μίαν
525 1736 634 1818 ψυχήν
665 1733 728 1798 ἐστι
757 1745 872 1809 τοῦτο,
905 1732 976 1816 περὶ
1004 1731 1039 1796 δὲ
1068 1733 1129 1797 δύο
1157 1734 1216 1797 καὶ
1241 1733 1355 1809 πολλὰς

344 1835 404 1898 οὐκ
434 1829 533 1908 ictam
572 1835 675 1895 ΚΑΛ.
712 1835 801 1910 Οὔκ,
830 1831 910 1894 οἲλλὰ
936 1829 990 1895 καὶ
1017 1829 1090 1912 περὶ
1117 1832 1179 1896 δύο
1208 1832 1264 1896 καὶ
1292 1833 1356 1914 περὶ

343 1932 471 2005 πολλάς.
525 1933 602 1995 Est.
643 1932 775 1994 Οὐκοῦν
815 1928 868 1994 καὶ
903 1929 1040 2010 ἁθρόαις
1075 1929 1142 2011 ἅμα
1176 1931 1355 2013 χαρίζεσθαι

343 2142 409 2194 Ven.
429 2139 490 2190 ΞΣ.
513 2138 591 2190 Vind.
611 2138 634 2189 1.
652 2138 675 2188 2.
694 2136 718 2193 7.
736 2138 810 2189 Bodl.
835 2138 904 2189 Flor.
922 2155 948 2187 ι
972 2139 1079 2189 Mearm.
1102 2145 1257 2194 correctum.
1282 2140 1354 2190 Hein-

344 2209 439 2259 dorfius
457 2210 524 2258 coni.
542 2206 613 2272 αὕτη,
1358 2267 1360 2271 ¹

395 2278 426 2326 D.
462 2275 569 2357 μηδὲν
597 2270 904 2340 οκοκούμενον]μὴ
928 2271 958 2323 δὲ
980 2272 1068 2326 Clark.
1094 2274 1153 2324 Vat
1173 2275 1241 2325 Vcn.
1263 2274 1292 2325 Σ.
1314 2275 1352 2325 alii

344 2346 431 2407 multi,
448 2346 550 2394 vitiose.
584 2345 751 2393 Hermannus
766 2348 854 2392 tamen
878 2294 944 2406 μηδὲ
969 2356 1007 2391 ou.
1032 2341 1105 2392 dedit
1128 2342 1179 2394 hoc
1204 2359 1295 2394 sensu:
1322 2359 1353 2392 ιιι

345 2413 617 2509 considerantem
634 2410 774 2477 quidem.

344 2579 826 2632 modumdinumeraveritVim
877 2575 1160 2640 οὕιεέπιμιλούμεναι
1206 2581 1354 2631 Νοιιοοιιιο

345 2666 401 2699 ιοο.
431 2648 659 2715 διαριθμησαμὲνη
686 2654 754 2698 recte
783 2664 826 2697 ex·
877 2646 988 2697 subiecti
1005 2654 1104 2697 mutato
1129 2653 1191 2713 post
1209 2646 1271 2699 οὔτε
1286 2649 1354 2711 μέλον

345 2717 423 2780 plicat
446 2718 532 2766 Schol.
560 2733 605 2781 per
632 2711 826 2778 διακρίναοα
811 2733 827 2779 η

346 2782 589 2850 διομολογηοααὲνη.
633 2785 714 2833 Ludit
741 2789 827 2833 autem

346 2852 374 2899 in
385 2853 554 2917 ambiguitate
565 2867 619 2900 voc.
633 2849 740 2916 diripere,
758 2849 828 2916 quod

347 2924 374 2967 et
395 2919 426 2966 de
450 2917 623 2982 computando
651 2924 677 2967 ct
699 2919 730 2968 de
752 2920 827 2968 ratio-

347 2984 457 3035 cinando
481 2992 506 3033 ct
530 2985 667 3065 cogitando
689 2987 772 3050 potuit
789 2987 828 3034 in·

346 3053 438 3117 telligi.
474 3048 549 3101 Sic*
532 3069 640 3115 ακειροο
663 3052 758 3102 dicitur
775 3070 828 3102 am-

346 3120 425 3185 bigue
442 3118 544 3172 Phileb
561 3136 586 3184 p
605 3117 645 3171 17.
663 3121 693 3168 E.
716 3126 742 3169 ct
759 3122 826 3173 Tim.

346 3205 370 3252 p.
388 3187 430 3240 55.
447 3190 493 3250 D.‚
515 3188 562 3238 ubi
584 3204 608 3240 v.
631 3205 743 3240 ann.-
765 3190 828 3238 For-

347 3257 443 3306 mulam
466 3253 501 3309 oio
519 3256 581 3308 ἔπος
603 3255 705 3315 εἰπεῖν,
726 3272 828 3321 prope

347 3324 498 3385 dixerim,
528 3340 593 3373 cave
624 3340 683 3373 cum
711 3326 827 3374 Ficino

346 3393 442 3442 referas
459 3394 492 3443 ad
507 3393 699 3453 antecedentia3
717 3395 829 3456 pertinet

346 3463 415 3510 enim
441 3461 473 3510 ad
495 3458 577 3511 οὐδὲν
594 3459 830 3525 διαριθμησαμένη.

346 3544 371 3578 ι.
389 3528 423 3578 ad
440 3545 464 3593 p,
482 3527 539 3579 450.
552 3530 581 3581 B.
608 3530 670 3578 Post
688 3526 828 3593 διαριθμη-

348 3596 447 3660 οαμένη
474 3597 554 3660 vulgo
582 3612 714 3661 perperam
740 3596 830 3646 deerat

347 3665 535 3728 interpunctio,
560 3679 638 3727 quam
655 3680 714 3713 eum
731 3664 828 3714 Aetio

347 3731 561 3795 interposuimus,
590 3738 619 3780 ut
647 3733 726 3793 haec,
754 3732 829 3810 τριβῇ

347 3800 389 3847 καὶ
409 3796 537 3862 ἐμπειρίᾳ,
555 3814 612 3848 oum
630 3800 753 3862 proximis
771 3799 828 3847 iun-

347 3872 475 3932 gerentur.
489 3865 590 3914 Deinde
601 3882 634 3914 ex
645 3866 744 3944 aliquot
755 3864 829 3914 codd.

347 3950 393 3998 pro
417 3933 488 4012 vulg
511 3930 596 3997 μνήμη
626 3933 712 3996 recepi
741 3932 829 3981 lectio

348 4017 408 4050 nem
424 4002 501 4050 unice
518 4017 605 4049 veram
621 3997 731 4065 μνήμην,
751 4016 829 4063 quam

348 4070 427 4118 etiam
447 4067 515 4117 liber
532 4068 620 4117 Clark.
646 4068 829 4152 suppeditavit

382 4137 411 4185 B
436 4133 510 4184 οὔτε
533 4135 634 4195 μέλον·
656 4132 829 4202 ανταις-]

349 4202 507 4253 Observabis
520 4204 703 4286 singularem
688 4211 711 4252 st
702 4210 830 4252 tructurac

349 4272 482 4320 rationem
525 4273 592 4322 Nam
609 4288 654 4336 pro
673 4269 732 4321 οὔτε
749 4270 830 4330 μέλοι

349 4333 437 4389 αὐτοῖς
457 4357 477 4387 κ.
497 4357 515 4386 ι
534 4340 554 4387 λ.
578 4340 713 4419 evulgari
731 4340 830 4388 ratione

350 4402 416 4451 nihil
433 4406 600 4468 exspectabas
613 4408 663 4455 nisi
681 4408 734 4457 tale
752 4407 830 4470 quid:

878 2712 967 2766 αὐτοῖς
989 2715 1148 2766 adiiciuntur
1177 2718 1258 2767 ctiam
1284 2717 1354 2767 hacc·

877 2779 972 2832 ἄλλο
955 2801 972 2848 η
988 2784 1145 2847 χαρίζεσθαι
1161 2784 1257 2846 μόνον,
1274 2783 1354 2848 alred.

878 2852 961 2900 κ.ν..λ
979 2851 1353 2916 conf.Mattl1.Gr.5.5dd

913 2917 942 2967 0.
970 2915 1113 2969 δοκοῦσί
1138 2937 1172 2970 ιο
1195 2915 1296 2988 εἶναι]
1319 2921 1355 2970 vi·

878 2985 999 3035 dentur
1056 2986 1140 3036 mihi
1198 2987 1356 3040 eiusmodi

879 3059 1048 3119 πραγματεῖαι
1081 3056 1244 3119 reperiri,
1282 3070 1355 3122 quac

878 3137 972 3170 unam
987 3125 1115 3171 tantum
1128 3130 1286 3188 spectent
1299 3124 1356 3175 ani·

879 3189 922 3239 mi
922 3189 1152 3273 voluptatem.

912 3251 1083 3310 donimus
1107 3258 1197 3322 ἔχων
1226 3265 1285 3310 τοῦ
1306 3255 1357 3323 ἅμ]

879 3326 928 3374 ita
960 3329 997 3374 ut
1030 3324 1160 3377 nullam
1199 3329 1356 3383 rationem

879 3392 1005 3442 habeat
1036 3392 1114 3443 boni
1149 3399 1251 3459 atque
1279 3395 1358 3446 mali

880 3455 978 3510 Nam'
962 3459 1096 3513 ausimne
1113 3461 1183 3525 ἔχειν
1206 3465 1358 3514 construitur

880 3543 939 3578 cum
952 3529 1077 3594 genitivo,
1089 3544 1152 3592 qma
1163 3529 1235 3580 idem
1247 3529 1358 3597 estquod

879 3592 994 3657 ἀμελεῖν.
1016 3613 1041 3646 ι.
1064 3597 1179 3650 Matth.
1204 3600 1228 3661 5.
1252 3548 1314 3650 34&q
1331 3626 1359 3636 -

882 3664 1206 3748 ονγκατατνθεοθαί
1226 3685 1293 3718 τινι
1315 3683 1358 3716 κε·

882 3735 916 3795 ρι
937 3748 1029 3782 τινος
1056 3728 1113 3795 τὴν
1136 3729 1244 3799 αὐτὴν
1267 3732 1360 3798 δόξαν

880 3805 932 3849 est:
973 3797 1109 3849 eandem
1144 3816 1216 3850 oum
1251 3802 1359 3868 aliquo

880 3867 1275 3933 sentcntiamamplecti.
1307 3869 1359 3919 Ple·

880 3950 988 3998 rumque
1001 3940 1087 3984 autem
1100 3934 1198 3986 dicitur
1212 3936 1359 4003 simpliciter

882 4003 1131 4084 οιιγκαιαιιθοσθοιι
1166 4021 1230 4064 τινι,
1271 4005 1358 4055 omisso

880 4071 1029 4121 accusativo
1048 4066 1095 4135 τὴν
1113 4067 1202 4134 δόξαν.

915 4139 971 4186 ἵνα
996 4153 1046 4187 σοι
1069 4137 1122 4188 καὶ
1148 4142 1306 4205 πορανθῇ
1322 4135 1359 4224 -l

881 4205 913 4287 V.
930 4221 954 4268 p
972 4202 1030 4255 497
1045 4206 1084 4268 B.,
1101 4205 1149 4255 ubi
1167 4208 1295 4274 Gorgias:
1312 4204 1354 4258 a’tt

881 4270 1028 4335 ἀποκρινον
1050 4270 1129 4323 ual‘
1113 4279 1190 4356 ημονν
1208 4275 1300 4335 ἕνεκα,
1323 4276 1360 4324 ι”να

882 4357 976 4403 nepum
962 4341 1057 4389 θῶσιν
1073 4341 1101 4391 οἱ
1118 4339 1198 4408 λόγοι.

916 4407 978 4472 Cap.
997 4408 1079 4459 LVII.
1101 4409 1133 4459 Ε.
1158 4409 1297 4477 τοιαύτη
1322 4425 1361 4460 ιιι
