3242 5259
331 589 391 643 312
738 584 935 644 PLATONIS

278 749 307 815 Β
331 740 357 812 ὦ
378 745 568 828 Σώκρατες,
597 749 641 830 μή
668 744 744 811 ποτέ
765 769 812 820 τις
832 750 898 809 τῶν
919 755 982 810 νῦν
1002 740 1081 825 ἔργα
1100 749 1237 809 τοιαῦτα
1258 743 1345 827 ἐργό-

330 860 438 928 σηται,
468 839 521 910 οἶα
548 845 674 908 τούτων
700 841 736 919 ὃς
762 845 872 925 βούλει
899 844 1071 924 ε’ίργαοιαι.
1112 846 1189 906 ΣΩ.
1213 831 1257 906 Ὦ
1283 844 1344 906 δαι-

329 945 435 1026 μόνιε,
468 937 542 1008 οὐδ’
572 941 635 1024 ἐγὼ
655 938 743 1024 ψέγω
764 942 919 1016 τούτους,
947 939 990 1014 ὥς
1011 961 1047 1021 γε
1068 939 1247 1016 διακόνους
1268 935 1345 1004 εἶναι

330 1042 469 1117 πόλεως,
498 1041 578 1104 οίλλοί
604 1064 659 1122 μοι
687 1041 822 1104 δοκοῦσι
848 1043 914 1102 τῶν
941 1059 977 1119 γε
1002 1047 1065 1101 νῦν
1085 1031 1345 1120 διακονικῶτεροι

330 1138 497 1221 γεγονέναι
524 1138 579 1203 καί
605 1143 729 1220 μᾶλλον
756 1131 821 1202 οἷοί
846 1159 880 1201 τε
909 1134 1087 1215 ἐκπορίζειν
1113 1147 1152 1219 τῇ
1182 1138 1275 1201 πόλει
1303 1126 1345 1201 ὧν

331 1237 493 1318 ἐπεθύμει.
525 1237 604 1299 α’λλὰ
632 1236 694 1318 γὰρ
714 1236 937 1318 μεταβιβάζειν
957 1232 1013 1307 τὰς
1034 1233 1285 1317 ἐπιθυμίαςκαὶ
1305 1235 1344 1317 μὴ

332 1330 526 1416 ἐπιτρέπειν,
557 1335 725 1408 πείθοντες
751 1333 805 1397 καὶ
834 1334 1017 1416 βιαζόμενοι
1043 1330 1095 1395 ἐπὶ
1122 1342 1237 1408 τοῦτο,
1270 1329 1344 1397 ὅθεν

331 1428 461 1513 ἔμελλον
490 1431 642 1513 οίμείνους
671 1429 799 1494 ἔσεσθαι
829 1430 862 1493 οί
887 1434 1032 1506 πολῖται,
1062 1429 1106 1504 ὡς
1132 1429 1210 1504 ἔπος
1238 1432 1345 1507 εἰπεῖν,

281 1531 309 1599 Ο
333 1529 428 1593 οὐδὲν
448 1531 574 1592 τούτων
594 1528 745 1609 διέφερον
765 1528 896 1592 ἐκεῖνοι·
920 1523 999 1610 ὅπερ
1019 1529 1124 1610 μόνον
1144 1529 1243 1610 ἔργον
1265 1518 1345 1592 ἐστίν

332 1628 461 1708 α’γαθοῢ
481 1628 625 1690 πολίτου.
646 1637 727 1700 ναῦς
747 1625 781 1689 δὲ
801 1625 856 1689 καί
875 1629 958 1708 τείχη
981 1625 1034 1689 καὶ
1055 1626 1174 1706 νεώρια
1194 1626 1249 1690 καὶ
1270 1631 1345 1690 ἄλλα

331 1723 434 1788 πολλὰ
463 1734 594 1789 τοιαῦτα
623 1725 675 1788 καί
704 1718 766 1805 ἐγώ
794 1741 847 1787 σοι
872 1725 1021 1805 ὁμολογῶ
1043 1722 1248 1804 δεινοτέρους
1269 1719 1345 1788 εἶναι

332 1820 475 1896 ἐκείνους
503 1822 628 1884 τούτων
659 1821 841 1902 ἐκπορίζειν.
884 1826 1025 1903 Πραγμα
1051 1815 1112 1885 οὖν
1131 1827 1263 1905 γελοῖον
1283 1846 1345 1888 ποι-

332 1929 433 2001 οῦμεν
463 1916 524 2000 ἐγιό
553 1941 586 1981 τε
613 1919 667 1983 καὶ
697 1919 738 1982 σὺ
767 1918 890 1992 ἐντοῖς
910 1920 1026 2001 λόγοις.
1049 1918 1085 1983 ἐν
1104 1921 1202 1983 παντί
1223 1920 1345 2002 γὰρτῷ

331 2018 454 2101 χρόνῳ,
482 2018 521 2081 ὃν
549 2018 776 2098 διαλεγόμεθα,
808 2010 905 2081 οὐδὲν
933 2019 1107 2096 παυόμεθα
1137 2019 1182 2093 είς
1210 2020 1248 2082 τδ
1271 2016 1345 2082 αύτδ

332 2115 381 2179 dei
395 2116 642 2197 περιφερόμενοι
658 2116 711 2178 καί
725 2115 928 2223 οίγνοοῦντες
949 2109 1095 2198 ἀλλήλων
1117 2112 1135 2179 ὅ
1156 2140 1186 2179 τι
1206 2113 1345 2200 λέγομεν.

383 2318 413 2367 Ρ.
430 2314 489 2368 517.
523 2318 552 2366 Β.
587 2312 623 2369 δε
646 2314 763 2379 βούλει
788 2314 1029 2383 εἴργασται]”
1014 2334 1081 2369 osus
1111 2313 1204 2382 βούλει
1231 2318 1303 2373 Flor
1324 2337 1347 2368 x.

333 2386 378 2435 Sio
395 2390 464 2436 eerte
482 2384 581 2467 Cretyl
598 2401 622 2449 p.
641 2381 698 2434 432.
717 2384 748 2433 Α.
767 2389 793 2433 et
811 2384 846 2433 al.

383 2454 412 2506 0.
448 2449 508 2518 ἐγώ
532 2457 616 2517 γοῦν
641 2466 675 2500 σε
694 2450 872 2537 πολλάκις]
892 2453 935 2502 S1o
952 2452 1018 2502 Ven
1038 2451 1100 2502 Ξ.Σ
1116 2452 1233 2506 Vind.2.
1251 2456 1346 2505 Penss.

332 2522 400 2572 Flor.
420 2536 443 2570 a.
461 2535 484 2570 o.
503 2519 527 2569 d.
545 2537 579 2569 m.
602 2536 649 2584 pro
673 2519 744 2585 vulg
768 2517 819 2600 ἑγιύ
837 2512 902 2578 οὖν,
926 2519 996 2584 quod
1019 2520 1107 2569 Herm.
1131 2536 1192 2570 oum
1216 2521 1347 2573 Clarkian.

334 2591 392 2639 Vat.
410 2588 469 2639 aliis
487 2588 644 2638 servandum
661 2587 750 2672 duxit,
773 2589 860 2639 minus
877 2593 954 2650 reete,
973 2588 1072 2652 opinor
1107 2588 1137 2638 In
1156 2590 1225 2654 Aug.
1244 2592 1346 2644 Meerm

333 2658 373 2710 ed
390 2659 449 2707 Bas.
468 2657 490 2707 2.
511 2662 550 2706 est
567 2657 648 2722 ἔγωγε
665 2647 723 2704 οὖν.

384 2726 418 2775 D.
452 2720 511 2773 ἄλλ’
538 2715 582 2774 όν
605 2722 750 2790 ἔρχεται]
777 2723 808 2775 V
828 2716 930 2772 ἄλλα
908 2740 954 2806 ιυγ.
979 2722 1038 2772 Ald
1056 2724 1117 2773 Bas
1136 2723 1159 2773 1.
1184 2723 1274 2775 Clark
1293 2725 1348 2775 Vet.

334 2792 413 2843 Coiel.
425 2792 471 2841 elii
489 2788 573 2842 αλλων
585 2791 694 2855 ἔρχεται
713 2791 781 2856 quod
799 2808 832 2840 ex
847 2786 898 2866 ἄλλ’
917 2782 956 2840 ὦν
974 2798 1058 2840 ortum
1075 2807 1132 2841 esse
1149 2797 1230 2857 patet.
1258 2794 1350 2856 Quam-

366 2977 395 3025 B.
432 2974 471 3028 nis
497 2993 532 3042 γε
559 2972 740 3028 διακόνους
768 2968 812 3025 εί-
864 2976 961 3025 civium
990 2977 1161 3040 temperantia
1192 2983 1219 3027 et
1251 2978 1348 3028 iustitia

336 3041 540 3110 vocabisne]
560 3049 724 3107 quatenus
738 3051 815 3092 sunt
865 3045 975 3094 formare
996 3044 1166 3109 neglexerint
1203 3045 1280 3107 Quod
1298 3046 1349 3110 qni·

332 3112 488 3161 eivitatis
523 3110 728 3161 administri.
774 3113 814 3160 De
866 3111 923 3161 dem
953 3112 1036 3162 solum
1063 3114 1098 3162 sit
1121 3113 1234 3178 legitimi
1261 3114 1349 3179 guber-

333 3172 404 3229 είναι
426 3179 477 3229 vid.
502 3180 611 3245 Vigor,
634 3196 658 3244 p.
677 3177 727 3230 750
744 3195 814 3243 seqq.
866 3180 965 3229 notorie
993 3180 1114 3229 officium.
1160 3180 1349 3247 Concluditque

332 3264 356 3312 p
375 3245 434 3298 888.
867 3264 918 3297 non
935 3249 1011 3297 modo
1025 3263 1078 3297 non
1095 3247 1227 3312 prodesse,
1245 3250 1291 3299 sed
1309 3249 1348 3299 ob

368 3310 448 3365 ἀλλὰ
478 3311 538 3382 γὰρ
574 3312 816 3379 μεταβιβάζειν
867 3332 924 3365 esse
945 3316 1085 3380 plurimum
1108 3317 1208 3366 civitati
1225 3317 1351 3382 guberne·

335 3411 366 3419 —
386 3382 551 3447 διέφερον
570 3381 715 3447 ἐκεινοι]
734 3385 816 3432 Fici·
867 3390 944 3444 tores,
970 3385 1014 3447 qui
1032 3384 1150 3433 fortunae
1168 3386 1256 3448 potius
1275 3402 1349 3450 quam

335 3468 406 3502 nus:
426 3453 564 3501 Verum
557 3469 589 3501 ιιι
606 3468 641 3502 eo
650 3451 816 3516 ,·quodoe
868 3452 1242 3516 enimibonisprospioient?¹
1277 3453 1350 3503 Vide·

335 3521 465 3586 stigere
494 3521 621 3569 civium
654 3519 817 3583 cupidita·
868 3520 929 3569 licet
954 3519 994 3568 illi
1021 3518 1137 3569 Platonis
1164 3522 1295 3571 sententie
1323 3518 1349 3569 ιὰ

335 3594 385 3637 tes
416 3604 497 3652 opor
504 3594 576 3637 teat
608 3602 713 3650 neque
739 3587 816 3636 illis
868 3592 911 3653 τῆς
936 3584 1033 3639 πολεωι
1052 3586 1193 3650 nutabant
1221 3589 1288 3650 πρίν
1305 3607 1349 3639 αι

335 3654 578 3717 obsecundare,
609 3655 663 3704 sed
694 3660 724 3703 et
750 3671 817 3719 per·
868 3652 1350 3721 tqstrisndieosouramgessissent,

336 3723 503 3773 suadendo
536 3729 567 3772 et
597 3721 745 3788 cogendo
778 3722 817 3771 ed
868 3724 1266 3788 veraequeartiservrlisrgnen
1281 3726 1350 3790 leges

335 3789 718 3855 hoeipsumperdueere,
733 3789 817 3840 unde
868 3792 954 3856 potins
982 3791 1112 3853 ferebant,
1146 3808 1225 3856 qnam
1253 3794 1350 3842 animos

336 3859 489 3908 meliores
506 3859 614 3907 futuri
632 3859 701 3908 sint
718 3858 817 3919 cives,
868 3875 966 3908 omum
976 3860 1071 3908 virute
1084 3829 1246 3910 imbuebant
1265 3862 1298 3910 of.
1313 3861 1351 3909 De

336 3926 441 3988 nihil,
470 3931 504 3975 ut
527 3927 573 3974 ita
598 3926 717 3991 loquar
741 3925 775 3986 (h.
795 3941 817 3973 e.
868 3927 978 3991 Republ.
990 3928 1035 3976 IV.
1047 3944 1072 3993 p.
1086 3925 1145 3981 426.
1182 3927 1303 3978 Ceterum
1320 3942 1351 3977 ne

337 3994 462 4058 paene),
479 3994 568 4043 inter
584 3995 644 4043 hos
662 3999 764 4057 atque
781 3994 817 4042 il·
869 3996 927 4059 quis
942 3995 1048 4045 haereat
1059 3997 1086 4045 in
1099 4012 1138 4058 eo,
1157 3997 1227 4060 quod
1244 3996 1350 4046 verbnm

336 4062 388 4112 loe
411 4063 559 4112 interest.
594 4060 666 4112 Idem
684 4061 818 4110 verissime
870 4061 1007 4124 διαφέρειν
1030 4069 1208 4114 constructum
1231 4072 1350 4114 osteum

337 4131 365 4179 in
383 4135 534 4196 argumento
552 4130 694 4209 dialogi,
697 4129 818 4191 ‚Deridet
869 4130 981 4194 simplici
997 4132 1136 4193 infinitivo,
1153 4131 1270 4182 eiusdem
1288 4138 1350 4181 stru·

338 4199 404 4257 eos”‚
422 4199 513 4262 inquit,
533 4196 594 4262 „qui
612 4214 691 4263 quum
709 4197 754 4245 diu
770 4198 819 4247 rei·
870 4203 959 4248 eturee
984 4200 1104 4264 exempla
1115 4169 1237 4249 lbudevit
1254 4200 1352 4250 Hein-

337 4236 458 4329 publicae
481 4266 611 4315 tenuerint
632 4263 819 4372 nubernoeulo,¹
870 4264 1001 4317 dorfius
1018 4268 1123 4332 Protag.
1137 4283 1163 4332 p
1177 4265 1238 4318 328.
1256 4269 1289 4318 Δ.
1312 4269 1351 4317 De

338 4332 606 4398 εειιιμοιριιίδοιιιοὶν
869 4333 925 4399 Bep
925 4332 978 4386 ubl.
989 4334 1063 4400 VLp
1064 4333 1178 4386 .495..Ε
1194 4336 1226 4385 ef.
1237 4337 1351 4387 Metth.

337 4399 413 4451 bonis
446 4416 460 4450 r
902 4417 916 4456 ι.
907 4349 1011 4469 pmpl.
1030 4404 1053 4465 5.
1071 4402 1130 4458 535.
1147 4419 1171 4468 p.
1191 4401 1268 4455 1049.
