3242 5259
438 615 621 674 GORGIAS.
642 614 675 674 P.
699 618 770 673 480.
794 617 864 673 481.
887 615 931 673 ed.
955 615 997 674 st.
1169 618 1227 673 189

209 801 244 860 γε
275 771 317 841 αὖ
345 778 565 860 μεταβαλόντα
594 778 621 840 ελ
648 780 711 858 ἄρα
730 776 781 839 δελ
800 798 874 838 τινα
895 767 1000 850 κακῶς
1020 781 1141 854 ποιεῖν,
1172 777 1227 840 εἴτ’

212 875 334 958 ἐχθρὸν
350 875 412 938 εἴτε
432 874 592 952 ὁντινοῦν,
614 872 671 937 ἐὰν
692 873 795 955 μόνον
815 871 859 955 μη
881 875 977 947 αὐτὸς
997 868 1144 956 ἀδικῆται
1164 874 1229 939 ὗτιὸ

212 984 271 1036 τοῦ
301 971 438 1055 ἐχθροῦ·
467 982 563 1035 τοῦτο
590 971 649 1054 μὲν
675 970 737 1052 γὰρ
759 969 967 1053 εὐλαβητέον·
999 969 1110 1035 ἐὰνδὲ
1131 975 1230 1035 ἄλλον

214 1065 309 1153 ἀδικῇ
331 1069 350 1133 ὁ
370 1067 496 1151 ἐχθρός,
517 1069 614 1133 παντὶ
633 1070 741 1152 τρόπῳ
762 1067 1042 1148 παρασκευαστέον
1061 1067 1114 1131 καὶ
1134 1070 1229 1148 τιμάτ-

212 1191 310 1231 τοντα
331 1165 385 1230 καὶ
405 1164 547 1288 λέγοντηι,
579 1161 666 1240 ὅπως
686 1163 728 1248 μη
750 1167 796 1250 δῷ
818 1167 920 1247 δίκην,
942 1166 1021 1249 μηδὲ
1043 1163 1122 1249 ἔλθη
1143 1166 1230 1245 παρὰ
1251 1169 1311 1231 481

212 1269 271 1329 τὸν
296 1266 467 1347 δικαστήν·
498 1263 554 1327 ἐαν
585 1261 618 1328 δὲ
638 1259 728 1345 ἔλθη,
758 1261 965 1346 μηχανητέον
996 1263 1083 1337 ὅπως
1103 1263 1145 1327 ἂν
1164 1265 1229 1326 δια-

212 1365 303 1446 φύγη
333 1385 387 1426 και
414 1361 458 1444 μὴ
487 1362 533 1448 δῷ
561 1360 693 1442 δίκην
675 1383 693 1422 ο
716 1359 844 1443 ἐχθρός
875 1358 942 1424 ἀλλ’
965 1361 1021 1424 ἐαν
1041 1383 1073 1424 τε
1096 1363 1230 1443 χρυσίον

212 1460 366 1543 ηρττακὼς
387 1482 407 1542 η
428 1461 527 1534 πολύ,
558 1457 601 1541 μη
623 1452 766 1543 ἀποδιδῷ
786 1465 899 1534 τοῦτο,
930 1452 1030 1520 αλλ’
1020 1456 1100 1540 έχων
1121 1460 1230 1523 αναλλ-

215 1575 327 1641 σνηται
354 1558 408 1620 καὶ
439 1558 482 1632 εἰς
509 1553 626 1619 ἑαυτὸν
653 1578 706 1618 και
734 1527 778 1629 ελς
805 1555 881 1629 τοὺς
901 1553 1018 1620 ἑαυτοῦ
1038 1556 1158 1631 dotano
1177 1557 1231 1620 καὶ

215 1649 334 1729 ortos,
357 1652 413 1717 ἐάν
433 1676 466 1716 τε
487 1654 636 1716 θανάτου
656 1652 728 1730 ἄξια
748 1653 908 1735 ἠδικηκὼς
929 1649 960 1733 ᾖ,
981 1653 1068 1728 ὅπως
1088 1655 1131 1737 μη
1154 1652 1230 1718 oino-

214 1756 381 1828 θανεῑται,
412 1754 547 1832 μαλιστα
575 1751 634 1830 μὲν
662 1746 834 1831 μηδέποτε,
864 1743 932 1812 ἀλλ’
961 1748 1126 1826 ἀθάνατος
1147 1750 1233 1816 ἔσται

213 1849 357 1930 πονηρὸς
372 1850 428 1925 ὤν,
450 1846 524 1910 εἰδὲ
541 1849 595 1929 μή,
619 1843 706 1922 ὅπως
720 1848 763 1921 ὡς
779 1851 928 1910 πλεῖστον
943 1849 1062 1929 χρόνον
1082 1851 1232 1929 βιώσεται
1253 1852 1281 1915 Β

263 2057 292 2105 Ρ
311 2053 370 2107 481.
405 2049 494 2108 ὅπως
517 2052 556 2120 μὴ
581 2053 625 2122 δῳ
649 2053 758 2122 δικην]
783 2056 815 2105 V.
840 2053 910 2122 θιδῳ
947 2057 1079 2106 Aoristnm
1096 2062 1234 2106 servarunt

215 2124 305 2175 Clark.
323 2124 383 2173 Vat.
400 2123 465 2176 Ven.
485 2121 546 2173 ΞΣ
570 2123 646 2173 Vind.
667 2122 689 2172 1.
707 2121 731 2173 2.
749 2123 773 2173 6
792 2121 815 2173 7.
838 2125 897 2174 Par.
914 2125 1059 2174 BCPIW.
1082 2123 1152 2174 Flor.
1169 2124 1231 2174 a..b

214 2209 236 2243 ο,
254 2192 278 2241 d.
296 2208 332 2241 m
349 2207 372 2241 0.
389 2207 415 2240 x.
433 2190 506 2243 Bodl.
524 2191 592 2272 Aug.
609 2192 715 2240 Meerm.

265 2257 355 2311 ὅπως
378 2275 416 2306 αν
440 2256 587 2323 διαφύγῃ
612 2258 664 2308 καλ
683 2275 723 2322 μη
743 2256 786 2323 δῷ
805 2256 842 2323 A]
867 2259 898 2307 V.
917 2256 980 2324 δῴη
1016 2260 1095 2308 Recte
1112 2257 1189 2308 Vind.
1207 2256 1231 2307 6.

215 2326 285 2377 Flor.
305 2342 331 2375 x.
356 2325 394 2374 δῶ
419 2324 440 2374 δ.
476 2326 506 2374 In
524 2326 593 2375 Flor.
612 2325 635 2374 d.
660 2331 699 2375 est
689 2325 791 2391 toroge
809 2325 892 2389 δίκην.
916 2327 982 2376 conf.
1007 2331 1094 2375 annot
1130 2317 1233 2390 Μοαῆ

213 2400 273 2458 post
298 2376 421 2459 ἡρπακώς
440 2409 489 2442 om.
507 2392 595 2443 Clark.
613 2393 672 2442 Vat.
690 2392 766 2441 Vind.
786 2391 808 2442 l.
827 2393 851 2444 6.
876 2395 933 2443 Par
952 2393 1099 2443 BCFIW.
1122 2393 1191 2443 Flor.
1210 2409 1232 2442 a.

213 2461 238 2511 b
258 2477 281 2512 ο,
298 2477 333 2510 m.
352 2476 376 2510 0.
394 2477 420 2509 x.
438 2466 463 2510 et
479 2476 516 2524 pr.
534 2462 564 2509 Ε.
601 2459 677 2522 Quod
700 2460 722 2509 si
746 2477 836 2510 verum
860 2467 907 2522 est,
932 2477 965 2510 ex
982 2461 1100 2525 proximo
1118 2460 1232 2510 membro

213 2550 228 2594 η
219 2521 449 2593 intelligendum
467 2529 522 2577 erit.
557 2528 608 2578 Sed
624 2544 728 2589 vereor,
750 2545 782 2578 ne
805 2535 909 2608 propter
925 2529 1103 2593 repetitionem
1121 2530 1164 2579 hia
1183 2528 1233 2578 eie·

214 2603 285 2646 etum
303 2598 338 2647 sit
354 2612 369 2646 a
386 2596 561 2679 grammaticis
579 2611 655 2660 saepe
673 2565 741 2645 maia
759 2596 877 2645 curiosis

266 2660 465 2715 ἀδικωτκαλ
483 2658 606 2730 abeas]
625 2659 751 2723 ἄθεσμοι
768 2664 834 2713 Ven
855 2662 914 2713 ΞΣ
939 2662 1016 2711 Vind.
1035 2663 1059 2712 2.
1076 2662 1101 2714 6.
1125 2665 1183 2713 Par.
1201 2663 1233 2713 V.

214 2733 282 2797 Aug.
303 2733 410 2781 Meerm.

266 2796 324 2847 ἐάν
348 2815 379 2849 τε
404 2794 555 2846 θανάτου
579 2793 665 2864 ἄξια]
695 2794 792 2851 ἐάντε
816 2787 850 2846 αὖ
873 2798 901 2846 θ.
926 2797 989 2846 Ven.
1010 2797 1040 2847 Σ.
1069 2797 1147 2850 Vind
1165 2795 1190 2850 2
1209 2795 1234 2848 7.

213 2866 284 2916 Flor.
304 2865 328 2915 d.
346 2882 372 2915 x.
394 2865 462 2931 Aug.
480 2865 586 2914 Meerm.
610 2871 636 2914 et
659 2864 718 2915 edit.
744 2866 801 2914 Bae.
825 2863 850 2914 2.
886 2866 952 2914 Dein
978 2865 1049 2930 vulg.
1067 2861 1234 2930 ἀποθαιῆται

213 2951 247 2984 ex
265 2933 356 2984 Clark.
373 2933 431 2982 Vat.
450 2932 552 2982 Van.
535 2930 596 2984 ΞΣ
623 2931 700 2981 Vind.
719 2931 742 2981 2.
760 2931 784 2982 6
802 2929 826 2981 7.
850 2934 907 2981 Par.
927 2931 1098 2984 BCFIVW.
1121 2933 1190 2983 Flor.
1210 2949 1233 2985 a.

214 3001 238 3050 b.
258 3017 281 3052 ο.
301 3001 325 3051 d.
343 3017 376 3050 m.
395 3017 417 3051 ο.
436 3017 462 3049 x
481 3001 547 3066 Aug.
566 2999 639 3050 Bodl.
658 3002 765 3050 Meerm.
784 3005 934 3049 correctum.

213 3196 252 3244 ita
283 3200 314 3245 ut
345 3193 466 3275 apodpsis
495 3194 631 3276 postremis
659 3209 701 3243 ae·
753 3191 834 3243 dorf
857 3191 938 3242 adh.
956 3193 1030 3242 l.-
1051 3192 1236 3253 ἐὰνμόνοι

215 3261 382 3313 commodata
400 3263 441 3311 sit
475 3263 515 3310 De
535 3258 583 3310 ἐαι
579 3269 660 3326 post
677 3259 704 3310 sl
752 3257 792 3325 μὴ
815 3256 915 3312 αὐτὸν
938 3257 1136 3340 ιλδικῆταιιι.
1162 3281 1181 3311 τ.
1206 3263 1235 3319 t„

213 3330 291 3380 illato
314 3345 340 3381 v.
363 3345 423 3380 ann.
447 3329 480 3379 ad
502 3330 583 3394 Legg
607 3330 652 3379 IX.
676 3344 701 3392 p
753 3327 955 3377 dummodo'
947 3343 1018 3391 rpse
1041 3344 1102 3376 nen
1121 3329 1185 3377 ab
1177 3345 1235 3377 1111

214 3396 275 3448 872.
293 3398 324 3447 Ε.
341 3395 473 3446 Phaedon.
490 3412 514 3461 p.
533 3395 573 3447 93.
591 3398 621 3445 Β.
651 3396 703 3445 No-
752 3397 835 3444 mico
880 3396 1061 3445 afficiatur
1098 3396 1235 3457 iniuria,

213 3464 297 3516 tanda
314 3479 376 3515 vero
393 3469 525 3528 praeterea
542 3469 582 3514 eat
598 3463 703 3513 ubertas
753 3463 877 3527 quoniam
898 3463 1000 3513 seilicet
1022 3465 1072 3513 isto
1094 3469 1170 3528 paeto
1192 3479 1236 3513 ne-

214 3533 350 3595 orationis,
376 3547 428 3612 qna
444 3534 557 3597 graviter
573 3531 702 3581 indicatur
753 3546 825 3580 cesse
838 3531 923 3592 fuerit,
940 3538 969 3580 ut
983 3530 1047 3581 alter
1064 3531 1090 3578 in
1109 3530 1235 3580 iudicium

215 3601 350 3651 contraria
372 3600 410 3648 rei
426 3600 501 3650 ratio.
536 3599 601 3649 Nam
619 3599 702 3663 primo
753 3603 859 3648 vocetur
876 3605 902 3647 et
917 3568 987 3647 iusta
998 3614 1082 3662 poena
1099 3598 1236 3659 afficiatur,

215 3668 280 3719 dicit
304 3663 474 3751 τοονανιίον,
504 3672 633 3729 contra,
659 3666 703 3715 de·
753 3665 821 3729 quod
853 3665 973 3715 beneficii
1001 3666 1059 3716 loeo
1088 3666 1235 3716 habendum

215 3735 278 3786 inde
308 3726 355 3791 αὖ,
395 3750 433 3782 ex
462 3733 570 3784 altera
597 3740 702 3798 parte,
753 3734 840 3782 fuerit.

215 3803 331 3866 danique
349 3800 420 3852 addit
437 3798 621 3882 μεταβαλόντα,
643 3817 703 3850 mu·
787 3802 817 3849 P.
834 3797 893 3849 481.
928 3797 1067 3859 μάλιοτα
1096 3800 1155 3860 μὲν
1184 3819 1235 3882 μη-

216 3869 457 3930 retentione,
476 3869 638 3918 vicissim.
663 3870 704 3917 Ita
755 3866 888 3934 δέποτα]
924 3868 997 3917 Haeo
1032 3884 1065 3918 ne
1100 3885 1175 3932 quem
1210 3870 1236 3917 in

215 3939 287 3988 enim
325 3906 479 4000 μιταβαλολν
519 3951 703 4000 saepenumero
754 3934 871 3984 fraudem
898 3935 1039 3998 inducant,
1068 3935 1236 4018 cogitandum

215 4009 359 4070 usurpatur
367 4003 436 4069 apud
445 4004 593 4055 Platonem
602 4002 704 4054 Phileb.
754 4008 794 4052 est
816 4003 893 4067 plene
916 4003 1053 4052 dicendum
1071 4003 1163 4052 fuisse.
1189 4021 1236 4063 μα-

216 4090 240 4138 p.
265 4071 309 4123 51.
332 4071 370 4121 A.
407 4069 469 4156 ἐγω,
489 4069 521 4136 δὴ
544 4069 705 4156 πειράσομαι
754 4071 826 4119 λιστα
843 4070 892 4129 μὲν
909 4069 1078 4134 μηχανητέον,
1101 4068 1173 4124 ὅπως
1190 4087 1237 4135 μη-

216 4135 598 4222 μεταβαλώνσημαίνανύμῖν
615 4135 703 4191 αοτάς.
756 4136 849 4187 δὲποτε
865 4132 1047 4186 ἀποθανεῖται.
1073 4139 1113 4187 De
1130 4135 1238 4198 μάλιστα
1263 4169 1265 4173 .

216 4207 317 4271 Ibid.p
319 4204 386 4256 2,1.
406 4207 445 4255 D.
472 4202 518 4254 τὸν
544 4206 574 4256 δε
593 4224 637 4255 τοο
657 4212 705 4255 νου
756 4204 816 4264 μέν,
843 4221 866 4253 ει
865 4202 915 4252 δε
932 4220 979 4269 μη
1007 4221 1031 4253 v.
1050 4205 1217 4254 Boaekh.
1210 4221 1238 4254 m

217 4223 407 4339 μεταβαλόντες
439 4265 473 4322 αὖ
505 4272 568 4336 βίον
596 4271 705 4334 ἴδωμεν,
756 4274 819 4321 Min
830 4288 853 4335 p.
863 4269 904 4322 87.
920 4273 1072 4336 Kruager.
1085 4273 1237 4336 adDionys.

217 4343 298 4393 Plura
329 4341 429 4391 dabunt
456 4341 640 4391 Markland.
672 4340 705 4391 ad
756 4337 832 4403 μ27.
851 4338 1020 4388 Hermann
1032 4339 1064 4388 ad
1077 4340 1185 4393 Lumen
1198 4341 1238 4389 De

217 4411 347 4460 Maxim.
367 4405 549 4473 Tyr.p.6‘17.
566 4415 593 4459 et
610 4409 705 4459 Hain-
756 4409 845 4456 histor.
863 4406 991 4456 conscrib.
1009 4424 1033 4472 p.
1051 4405 1109 4458 284.
