3242 5259
360 602 399 660 78
768 600 964 660 PLATONIS

359 784 425 826 των
453 761 576 845 μέντοι,
617 754 872 839 alliciuntur,
910 762 1010 836 κ’ίτιος
1042 767 1216 843 Χαιρεφῶν
1242 755 1313 840 ὅδε,
1343 759 1378 824 ἐν

360 969 416 1004 esse
440 955 520 1004 fertur
542 954 698 1020 Empedocle
715 956 842 1020 Agrigen-

360 1024 415 1073 tino
444 1023 487 1073 vel
515 1025 598 1073 amico
626 1022 669 1072 vel
700 1025 841 1089 magistro:

272 1095 275 1103 '
360 1089 842 1156 Diog.Laert.VHI,58.etSuid.

360 1175 380 1207 s.
398 1174 422 1207 v.
442 1159 556 1220 Quint.
573 1159 632 1220 l.c.,
649 1158 676 1208 id
694 1158 763 1223 quod
780 1174 842 1223 quo-

288 1282 290 1287 ,
360 1225 495 1277 dammodo
513 1228 590 1276 etiam
615 1242 645 1277 eo
668 1226 842 1289 confirmatur,

360 1294 427 1359 quod
466 1293 533 1359 apud
568 1294 704 1345 Platonem
738 1296 842 1344 Menon.

359 1378 384 1426 p.
402 1359 442 1412 76.
462 1361 491 1412 G.
513 1366 539 1411 et
557 1362 635 1427 Gorg.
652 1359 711 1412 493.
728 1364 760 1412 A.
783 1360 842 1413 507.

359 1431 389 1480 Ε.
409 1430 490 1494 ipsius
501 1430 587 1494 gratia
604 1429 730 1493 quaedam
745 1429 842 1494 placita

359 1496 534 1562 Empedoclea
546 1503 727 1548 memorantur.
751 1499 842 1562 Neque

360 1565 426 1613 nihil
440 1565 492 1613 huc
503 1563 575 1627 iacit,
592 1565 661 1629 quod
672 1564 842 1629 Empedocles

360 1647 402 1696 ap.
426 1631 515 1681 Sext.
532 1632 616 1696 Emp.
634 1633 692 1694 VII,
708 1631 732 1684 6.
748 1633 842 1698 Diog.

360 1700 467 1748 Laert.
486 1701 558 1760 VIII,
575 1698 615 1750 57.
635 1706 753 1750 narratur
771 1702 843 1750 circa

360 1767 512 1816 rhetoricam
540 1767 659 1818 nonnihil
682 1767 843 1832 κεκινηκέναι

362 1834 477 1898 adeoque
495 1835 566 1885 illius
584 1835 646 1886 artis
662 1837 782 1885 inventor
799 1851 844 1885 ex·

361 1903 467 1952 stitisse.
510 1902 560 1952 Sed
582 1903 633 1952 hoc
658 1902 761 1967 quidem
784 1909 844 1952 utut

362 1975 414 2032 est,
444 1971 582 2020 coniunxit
607 1972 717 2036 Gorgias
745 1972 844 2035 primus

361 2038 517 2088 rhetoricam
541 2038 700 2088 artificialem
725 2054 784 2088 cum
803 2054 844 2087 so·

360 2105 473 2171 phistioa
494 2122 575 2170 eaque
599 2122 626 2156 re
652 2123 712 2156 vere
735 2106 844 2156 admira·

361 2174 421 2222 bilis
434 2175 540 2234 exstitit,
555 2180 585 2223 ut
595 2189 644 2223 nec
656 2173 740 2237 Plato,
755 2190 844 2237 quam·

362 2242 401 2290 vis
424 2257 483 2290 eum
505 2241 629 2291 deluserit
658 2243 686 2290 in
718 2241 768 2292 hoc
790 2242 844 2291 dia-

360 2308 430 2373 logo,
441 2308 588 2374 petulanter
596 2309 670 2359 illum
687 2309 844 2371 tractaverit,

362 2383 391 2425 ut
402 2376 532 2441 sophistas
549 2376 623 2438 alios,
642 2377 687 2427 sed
698 2377 844 2427 verecunde

360 2446 502 2506 taxaverit,
533 2444 739 2509 quandoquidem
763 2444 845 2494 maior

360 2514 472 2577 impetus
495 2513 674 2577 irrisionisque
701 2528 762 2577 pars
790 2528 842 2562 non

361 2581 388 2629 in
406 2583 499 2645 ipsum,
517 2580 562 2630 sed
578 2582 605 2630 in
620 2580 753 2631 Calliclem
767 2585 844 2644 atque

361 2647 469 2710 Polum,
492 2649 549 2698 eius
571 2647 742 2712 discipulum,
766 2647 844 2698 cadit.

361 2715 500 2764 Enimvero
534 2715 694 2765 artificialem
724 2715 845 2779 eloquen-

361 2783 423 2831 tiam
446 2782 556 2846 primum
580 2788 681 2833 constat
702 2783 731 2831 in
754 2782 846 2832 Sicilia

362 2855 388 2899 et
404 2856 491 2898 natam
505 2856 531 2898 et
545 2849 674 2899 excultam
689 2862 758 2912 esse,
775 2849 845 2913 quod

363 2917 518 2981 quibusnam
536 2918 636 2967 caussis
653 2923 679 2966 et
696 2917 844 2982 opportuni·

362 2983 460 3034 tathus
483 2985 520 3033 ita
543 2984 681 3046 acciderit,
711 3000 794 3049 nuper
816 2986 843 3034 in

361 3052 557 3118 Prolegomenis
575 3051 608 3102 ad
619 3051 765 3102 Phaedrum
783 3051 843 3103 edit.

363 3119 467 3170 secund.
485 3135 509 3184 p.
527 3120 613 3170 XGIX
631 3136 701 3185 seqq.
724 3121 845 3184 exposui-

362 3203 428 3236 mus.
479 3187 566 3237 Huius
591 3204 652 3238 vero
681 3187 844 3253 eloquentiae

362 3270 438 3304 usum
450 3255 561 3320 Gorgias
579 3258 676 3320 primus
693 3255 800 3320 pertulit
816 3256 844 3305 in

364 3323 498 3372 Graeciam
515 3322 603 3388 ibique
617 3322 772 3385 nobilitavit,
793 3339 844 3387 quo

362 3396 475 3455 tempore
485 3406 545 3460 'una
558 3407 617 3442 oum
629 3392 702 3441 Tisia
714 3407 730 3440 a
742 3391 844 3441 civibus

362 3459 416 3508 suis
434 3459 551 3509 Athenas
568 3459 669 3524 legatus
685 3459 779 3508 missus
796 3464 845 3521 est,

361 3531 391 3575 ut
425 3526 479 3575 illis
512 3526 635 3577 adversus
665 3526 845 3591 Syracusanos

361 3593 560 3643 Atheniensium
588 3594 715 3644 auxilium
742 3610 845 3658 compa-

363 3667 437 3710 raret.
473 3661 547 3723 Quod
565 3662 669 3724 quidem
686 3667 751 3711 teste
769 3662 845 3712 Dio-

362 3728 438 3779 doro
449 3727 510 3778 Sic.
520 3729 580 3791 XII,
588 3727 628 3779 12.
640 3729 845 3794 acciditOlymp.

362 3796 533 3845 LXXXVIII.
550 3812 573 3845 a.
590 3795 615 3846 2.
639 3812 692 3847 non
710 3798 747 3847 ita
763 3796 844 3847 multo

362 3863 844 3929 postPericlismortem,quemOlymp.

361 3932 519 3981 LXXXVII.
537 3947 560 3980 a.
572 3929 601 3986 ,4.
625 3931 773 3996 pestilentia
790 3947 844 3981 cor·

362 4005 463 4063 raptum
484 4014 632 4065 supremum
655 4000 723 4049 diem
749 4000 845 4050 obiisse

362 4072 472 4116 constat.
496 4067 564 4116 conf.
582 4067 722 4118 Pausan.
740 4069 786 4129 Vl,
803 4065 845 4117 17.

362 4135 424 4183 Dici
440 4139 526 4184 autem
543 4149 596 4183 nou
613 4140 713 4199 potest,
738 4140 846 4198 quanto·

363 4216 423 4264 pere
440 4217 508 4252 nova
533 4206 559 4250 et
579 4202 686 4252 insolita
708 4218 750 4252 ars
767 4202 847 4252 Athe·

363 4269 499 4318 aiensibus
509 4269 645 4335 placuerit,
663 4271 708 4334 qui
725 4286 770 4319 eos
781 4269 845 4332 dies,

363 4336 458 4399 quibus
476 4337 586 4402 Gorgias
603 4337 677 4388 illam
699 4337 846 4387 ostentabat

364 4401 533 4465 οῐέπιδείξεις
544 4405 703 4468 instituebat,
715 4420 760 4469 pro
772 4406 845 4454 festis

893 952 1040 1004 habuerunt
1062 953 1169 1018 eiusque
1186 953 1316 1004 orationes
1334 970 1378 1004 ro-

894 1027 985 1071 carunt
1001 1022 1188 1085 lampadas,
1214 1021 1246 1071 de
1264 1037 1315 1086 qua
1333 1021 1378 1071 ad·

893 1091 1028 1138 miratione
1058 1095 1135 1153 atque
1167 1090 1252 1139 studio
1287 1105 1377 1140 eorum

893 1173 918 1205 v.
941 1156 1034 1207 Diod.
1064 1157 1126 1206 Sic.
1150 1157 1168 1206 l.
1192 1173 1214 1208 c.
1237 1158 1375 1207 Aristot

892 1225 967 1274 Rhet.
989 1225 1043 1286 111,
1072 1223 1100 1287 1,
1125 1221 1149 1274 9.
1173 1224 1279 1274 Cicer.
1303 1225 1378 1276 Orat.

894 1307 916 1342 c.
933 1291 974 1343 49.
993 1294 1039 1342 De
1057 1292 1146 1342 Orat.
1164 1292 1217 1355 III,
1239 1289 1281 1342 33.
1298 1293 1378 1343 Lou-

893 1360 957 1424 gin.
974 1361 1027 1422 III,
1050 1358 1079 1422 1,
1101 1357 1126 1409 2.
1144 1361 1281 1425 Dionys.
1304 1360 1377 1410 Hal.

893 1429 933 1477 De
952 1427 1041 1477 admir.
1059 1429 1086 1476 ri
1105 1428 1237 1478 Demosth.
1256 1443 1277 1477 c.
1295 1427 1327 1489 4,
1351 1427 1376 1478 a.

894 1501 920 1544 et
941 1496 1024 1561 Epist.
1054 1495 1086 1545 ad
1109 1496 1223 1560 Pompei.
1250 1511 1274 1544 c.
1304 1495 1326 1544 1.
1351 1494 1377 1546 2.

894 1562 1119 1627 Olyrnpi0dor.
1140 1563 1172 1611 ud
1189 1562 1244 1611 h.l.
1263 1568 1288 1612 et
1305 1561 1378 1612 Plu·

894 1637 957 1679 ton.
974 1632 1052 1695 Hipp.
1070 1632 1131 1679 mai.
1149 1646 1173 1695 p.
1190 1627 1249 1680 282.
1267 1631 1296 1681 B.
1327 1631 1379 1680 lta-

894 1714 943 1761 que
960 1714 1008 1748 nec
1032 1700 1124 1747 mirum
1147 1705 1199 1759 cst,
1226 1697 1271 1746 hic
1288 1704 1378 1748 tantus

894 1766 976 1815 honos
1006 1766 1056 1830 ipsi
1083 1765 1192 1814 habitus
1222 1765 1290 1828 quod
1319 1782 1377 1816 eam

893 1832 1378 1965 lvireqraaqqqiqpsqqrmhqqsqqfisiqqlpg

894 1967 986 2033 plena,
1001 1968 1127 2033 reliquam
1145 1968 1214 2017 ritae
1231 1975 1330 2033 partem
1349 1971 1377 2018 in

895 2036 1006 2086 Graecia
1045 2037 1188 2101 transigere
1220 2034 1379 2100 decerneret,

894 2119 1049 2168 quamquam
1067 2106 1151 2168 ipsum
1174 2111 1378 2154 consentaneum

895 2179 947 2233 est,
976 2173 1123 2236 priusquam
1152 2170 1189 2219 ibi
1217 2171 1376 2222 domicilium

894 2239 991 2304 figeret,
1006 2238 1114 2289 rediisse
1122 2238 1226 2288 domurn
1240 2240 1378 2304 legationis

893 2305 1015 2370 publicae
1031 2306 1189 2356 redditurum
1202 2308 1317 2357 rationes
1334 2323 1378 2372 po·

894 2372 1029 2439 palaribus
1053 2375 1115 2424 suis.
1158 2373 1267 2424 Videtur
1290 2385 1377 2424 autern

894 2458 947 2491 non
964 2441 1045 2491 multo
1062 2449 1121 2506 post
1133 2441 1240 2491 rediisse
1258 2443 1285 2490 iu
1299 2443 1379 2492 Grae·

895 2511 1376 2573 ciameamquetotam,maximeetiam

895 2577 1067 2639 Thessaliam,
1081 2577 1161 2626 variis
1173 2577 1332 2642 temporibus
1342 2579 1378 2628 ita

894 2646 1055 2708 lustravisse,
1073 2651 1102 2694 ut
1118 2644 1214 2709 ubique
1232 2646 1296 2695 artis
1314 2661 1378 2696 suae
1417 2641 1423 2657 ⁸

895 2713 1049 2763 documenta
1075 2712 1209 2763 exhiberet
1233 2715 1276 2762 vcl
1300 2715 1377 2764 etiarn

894 2781 1017 2843 iuvenes,
1053 2781 1098 2844 qui
1125 2781 1232 2845 plurimi
1259 2781 1292 2830 ad
1319 2797 1377 2832 eum

896 2863 979 2898 novae
996 2849 1061 2898 artis·
1077 2863 1171 2898 caussa
1187 2848 1376 2910 confluxerunt,

895 2922 1003 2980 accepta
1025 2916 1078 2966 fere
1095 2931 1111 2965 a
1128 2915 1255 2982 singulis,
1278 2916 1379 2967 fluida

894 2989 968 3046 teste,
986 2989 1152 3035 centenamm
1169 2984 1301 3034 minarum
1312 3000 1378 3035 mer-

895 3050 1379 3116 ememicendidisciplinainnnueret

895 3121 935 3170 De
947 3119 1044 3169 scholis
1055 3119 1088 3170 ab
1102 3134 1133 3169 eo
1150 3118 1247 3185 habitis
1259 3136 1284 3169 v.
1296 3120 1378 3170 Plat.

895 3188 974 3252 Hipp.
992 3188 1053 3238 mai.
1070 3203 1094 3252 p.
1107 3184 1165 3238 282.
1172 3187 1201 3236 B.
1220 3187 1320 3237 Isocr.
1338 3189 1377 3237 De

895 3255 1005 3305 antidea
1024 3256 1049 3316 ξ.
1061 3253 1119 3305 157).
1136 3253 1197 3304 coll.
1215 3254 1376 3306 Philostr.

895 3324 948 3372 vit
966 3322 1078 3388 Sophist.
1095 3338 1120 3387 p.
1137 3319 1196 3372 492.
1213 3322 1322 3373 Cicer.
1339 3324 1378 3372 De

896 3391 952 3440 Inv.
970 3392 991 3452 I,
1008 3389 1032 3441 5.
1075 3391 1135 3440 Hoc
1151 3405 1213 3441 vero
1230 3389 1307 3441 modo
1324 3406 1377 3440 nra-

895 3458 955 3524 gnis
972 3473 1054 3523 usque
1071 3457 1220 3507 cumulatus
1236 3457 1379 3509 honoribus

896 3526 1012 3591 (Cicer.
1031 3527 1071 3575 De
1089 3525 1161 3575 Orat.
1176 3527 1224 3586 111,
1241 3523 1284 3577 32.
1301 3527 1378 3576 Pau-

896 3610 963 3643 san.
981 3594 1031 3655 VI,
1049 3591 1073 3643 7.
1089 3593 1129 3655 X,
1147 3591 1171 3642 2.
1189 3593 1275 3644 Plin.
1292 3594 1325 3644 N.
1344 3595 1377 3644 H.

895 3661 1019 3724 XXXIII,
1041 3660 1077 3725 4.)
1102 3661 1183 3710 vitam
1206 3661 1261 3726 egit
1282 3662 1379 3710 diutur-

895 3745 965 3791 nam,
981 3727 1136 3792 usquedum
1148 3727 1253 3778 undem
1265 3728 1299 3778 ad
1311 3744 1378 3778 sum·

894 3811 964 3846 uram
981 3801 1118 3861 provectus
1131 3801 1290 3846 senectutem
1300 3796 1378 3846 Athe·

895 3865 950 3926 nis,
972 3863 1019 3913 ubi
1035 3867 1164 3929 postremo
1185 3863 1290 3914 ridetur
1311 3879 1378 3914 com·

895 3938 1008 3982 moratus
1031 3945 1088 3982 esse
1110 3937 1251 3998 perpetuo,
1275 3930 1378 3998 placide

896 4000 1009 4049 animam
1046 3999 1195 4064 exspiravit.
1229 4016 1254 4049 r.
1285 3999 1380 4050 Athe·

895 4083 998 4117 naeus
1015 4068 1110 4132 Deipn.
1127 4067 1173 4117 XL
1187 4082 1212 4131 p.
1225 4065 1284 4118 505.
1302 4067 1379 4117 Gen·

896 4134 997 4185 sorin.
1014 4131 1382 4198 Dedienatc4.Quintil.

895 4204 960 4252 lust.
978 4202 1026 4265 III,
1044 4201 1066 4252 1.
1093 4203 1228 4253 Lacian.
1246 4203 1380 4269 Longaar.

896 4271 920 4330 §-
937 4267 979 4319 23.
1004 4270 1098 4335 Diog.
1116 4271 1225 4320 Laert.
1247 4266 1379 4333 mea

896 4339 995 4387 Morem
1020 4338 1077 4387 eius
1094 4336 1212 4401 dicendi,
1236 4336 1378 4404 figurarum

895 4406 1008 4455 maxime
1026 4411 1052 4454 et
1067 4411 1200 4471 troporum
1219 4404 1380 4457 ommam
