3242 5259
518 588 703 648 GORGIAS.
725 589 757 647 P.
782 592 852 647 511.
876 593 946 647 512.
968 590 1014 648 ed.
1037 589 1080 649 St.
1242 596 1302 649 293

283 762 348 816 οὑν
373 753 481 834 σώσῃ,
516 747 581 814 ἄλλ’
612 744 717 827 οἶδεν,
748 745 797 814 ὅτι
825 752 886 815 οὐκ
914 752 1048 834 ἄμεινόν
1078 749 1145 814 ἐστι
1172 755 1230 834 ζῆν
1258 757 1354 834 πῷΒ

282 855 440 933 μοχθηρῷ
478 851 659 932 οἰνθρώπῳ·
701 852 808 923 κακῶς
849 848 911 930 γὰρ
952 850 1078 932 α’νώγκη
1126 847 1191 912 ἐστὶ
1235 854 1301 932 ζῆν.

285 950 368 1038 Cap.
390 949 552 1014 LXVIII.
596 951 661 1013 Διὰ
687 959 789 1012 ταῦτα
808 950 851 1013 ὀύ
878 951 979 1031 νόμος
1000 948 1064 1013 ἐστὶ
1085 952 1302 1032 σεμνύνεσθαι

281 1049 341 1113 τὸν
362 1049 572 1130 κυβερνήτην,
594 1047 708 1127 καίπερ
728 1049 870 1124 σώζοντα
890 1048 982 1130 ἡμᾶς.
1005 1047 1080 1112 οὐδὲ
1100 1070 1151 1129 γε,
1173 1040 1199 1111 ώ
1219 1054 1300 1112 θαυ-

282 1148 388 1230 μάσιε,
407 1147 466 1210 τὸν
485 1145 719 1227 μηχανοποιόν,
741 1141 777 1219 ὃς
798 1149 1088 1228 οὔτεσιραπηγοῡ,
1110 1145 1153 1228 μὴ
1174 1142 1224 1209 dre
1244 1171 1299 1211 κν·

282 1246 461 1327 βερνήτον,
499 1247 573 1306 οὒτε
599 1246 701 1306 ἄλλον
729 1244 863 1318 οὐδενὸς
890 1243 1007 1308 ἐλάττω
1035 1243 1136 1308 ἐνίοτε
1164 1246 1300 1308 δύναται

283 1344 411 1420 σώζειν·
440 1342 548 1415 πόλεις
566 1340 630 1423 γὰρ
656 1337 742 1404 ἔστιν
769 1337 821 1405 ὅτε
850 1337 927 1417 ὅλας
946 1342 1045 1419 σώζει.
1076 1344 1119 1424 μή
1141 1358 1192 1406 σοι
1213 1342 1303 1406 δοκεῖ

281 1440 365 1505 κατὰ
385 1439 443 1503 τὸν
462 1440 629 1503 δικανικὸν
650 1433 747 1514 εἶναις
775 1441 880 1503 καίτοι
907 1440 935 1502 εἰ
956 1441 1107 1518 βούλοιτο
1127 1438 1244 1521 λέγειν,
1274 1432 1299 1503 dr

284 1539 483 1616 Καλλίκλεις,
504 1537 587 1618 ἅπερ
607 1537 715 1619 ὑμεῖς,
736 1539 906 1619 σεμνύνων
925 1538 963 1601 τὸ
983 1549 1134 1620 πρᾶγμα,
1161 1539 1300 1619 καταχώ-

282 1652 367 1699 σειεν
388 1634 429 1697 ἂν
448 1634 533 1718 ὑμεῖς
560 1640 628 1710 τοῖς
655 1636 780 1716 λόγοις,
810 1634 913 1716 λέγων
939 1633 994 1698 καὶ
1021 1639 1217 1715 παρακαλῶν
1248 1635 1299 1699 ἐπὶ
1335 1656 1363 1723 0

281 1846 354 1896 Flor.
371 1860 395 1894 a.
412 1861 433 1894 e.
451 1844 469 1893 f.
486 1861 520 1894 m.
538 1860 559 1897 s.
576 1844 652 1894 male.
685 1845 777 1909 Neque
794 1845 864 1894 enim
881 1844 926 1895 hie
943 1841 972 1898 ὃε
990 1860 1036 1910 pro
1054 1840 1111 1898 οἶσε
1128 1847 1191 1910 poni
1207 1848 1300 1912 potuit.

282 1930 307 1961 v.
327 1912 360 1962 ad
377 1911 487 1962 Phaedr.
504 1928 529 1977 p.
547 1910 605 1963 244.
624 1914 657 1962 D.
675 1919 701 1962 et
722 1913 792 1963 infra
808 1929 833 1978 p.
851 1910 909 1963 516.
928 1912 957 1962 C.
992 1913 1100 1964 Censuit
1120 1919 1208 1964 temen
1225 1916 1298 1965 Win-

282 1981 431 2031 ekelmann.
449 1980 482 2030 ad
499 1979 655 2046 Euthydem.
678 1996 703 2045 p.
721 1978 762 2031 46.
780 1981 915 2031 virerum
938 1997 1009 2043 esse,
1033 1981 1133 2031 scilieet
1150 1980 1179 2034 do
1202 1985 1299 2048 simpli-

282 2050 346 2099 citer
363 2065 410 2114 pro
428 2044 486 2100 οἶσε
502 2049 566 2113 poni
583 2056 654 2098 ratus
672 2054 698 2098 et
714 2049 838 2098 insistens
855 2050 932 2099 unioe
949 2049 1067 2099 eodieum
1084 2051 1209 2114 vestigiis.

333 2185 363 2234 P.
381 2181 440 2234 512.
458 2179 655 2233 ὁποθενοῦν
674 2180 771 2250 σώσῃ]
795 2183 839 2234 Sic
858 2183 947 2233 Clark.
964 2184 1022 2232 Vat
1041 2183 1120 2234 Ooisl.
1138 2182 1216 2233 Vind.
1233 2183 1257 2234 1.
1274 2184 1299 2236 6.

281 2255 341 2303 Par.
359 2251 506 2302 CEIVW.
524 2252 594 2301 Flor.
612 2267 635 2301 a.
651 2252 678 2302 b.
695 2265 718 2304 o.
736 2250 761 2302 d.
778 2253 796 2300 f.
814 2268 835 2302 s.
853 2268 879 2302 1.
913 2250 1060 2318 Legebatur
1078 2251 1141 2301 olim
1160 2249 1238 2316 σώζῃ.

280 2445 431 2507 laboret,
455 2459 519 2493 non
542 2449 698 2508 oportere
719 2444 764 2492 vi·
816 2444 907 2509 ligitur
936 2449 1022 2494 autem
1051 2442 1226 2510 μηχανοποιόε
1254 2462 1298 2495 ex·

281 2530 359 2564 vere
382 2514 525 2577 neque'a
553 2528 587 2561 se
610 2512 681 2562 ullo
705 2528 764 2561 mo·
815 2511 1297 2563 imiesabermaohinarumbel-

281 2582 319 2632 do
354 2582 482 2642 iuvari,
517 2580 592 2630 sive
624 2579 720 2629 illum
749 2596 763 2629 e
815 2581 971 2643 lioarum‚
1000 2587 1029 2629 ut
1057 2581 1205 2646 Xenoph.
1234 2582 1297 2632 Hel·

280 2651 364 2700 mari
386 2654 566 2700 eonservet
588 2647 658 2697 sive
679 2665 695 2698 a
716 2649 763 2696 iu·
814 2647 1070 2711 1en.11,4‚15.a1.

280 2719 365 2768 dieii
406 2715 572 2781 periculo,
612 2716 685 2765 sive
725 2715 762 2764 ab
848 2712 889 2780 μή
919 2730 969 2766 σοι
1005 2714 1103 2766 δοκεῖ
1134 2715 1213 2766 κατὰ
1242 2713 1296 2766 τὸν

280 2787 350 2837 alia
391 2798 590 2848 quoeunque
631 2783 763 2832 calami·
816 2778 1113 2851 σικανιιιὸνεῖναι]
1132 2785 1213 2835 Num
1231 2784 1296 2835 tibi

279 2860 351 2904 tate
384 2852 515 2904 liberet.
568 2850 644 2912 Quod
676 2856 762 2901 autem
814 2850 952 2901 videtur
975 2867 1046 2902 oum
1070 2858 1198 2903 oratore
1214 2852 1296 2901 iudi·

233 2923 236 2930 '
280 2921 406 2971 transitur
427 2920 460 2970 ab
478 2918 618 2968 indicativo
642 2917 763 2984 adopta·
815 2918 900 2969 oiali
939 2936 1012 2970 esse
1050 2920 1295 2986 comparandus

279 2991 377 3049 tivum,
406 3003 438 3038 ea
466 3003 507 3036 ree
530 2984 763 3036 Heindorfium
814 3001 920 3050 neque
955 2988 1065 3053 pluris
1097 2989 1295 3039 faciendus?

278 3063 348 3108 certe
371 3072 424 3106 non
442 3053 552 3105 debebat
578 3053 642 3104 adeo
660 3060 763 3104 oontur·
813 3055 993 3119 Exspectabas
1015 3055 1049 3122 μὴ
1072 3048 1127 3106 οὖν.
1163 3056 1214 3106 Sed
1236 3063 1295 3122 apte

278 3126 356 3185 bare,
392 3130 422 3174 ut
449 3121 630 3188 corrigendum
659 3128 763 3188 putaret
813 3123 925 3172 eontulit
958 3124 1184 3175 Heindorfius
1218 3125 1295 3190 Apol.

278 3190 404 3259 ὀνήσειεν
426 3187 460 3240 ἄν
481 3190 524 3240 vel
550 3185 653 3255 ὀνήσει,
681 3187 714 3239 ἅν
737 3208 762 3240 τε
814 3191 913 3243 Soorat.
936 3207 961 3256 p.
983 3189 1024 3241 28.
1048 3193 1097 3253 Ι).,
1121 3191 1167 3241 ubi
1189 3208 1295 3256 prorsus

279 3280 300 3311 κ.
322 3278 340 3309 ι.
360 3261 379 3308 λ.
415 3258 474 3308 Vid.
494 3258 561 3308 Tim.
578 3273 602 3322 p.
622 3255 661 3310 18.
680 3258 709 3311 C.
728 3260 761 3310 D.
812 3259 882 3308 idem
904 3266 943 3308 est
964 3258 1116 3323 asyndeton.
1160 3261 1200 3308 De
1222 3276 1295 3324 prae·

277 3332 384 3380 Menex.
407 3343 431 3391 p.
449 3323 508 3376 240.
530 3326 562 3377 D.
588 3324 718 3374 Charmid.
736 3343 761 3391 p.
811 3326 940 3390 positione
958 3322 1020 3374 κατά
1041 3325 1239 3375 similitudinem
1255 3329 1294 3377 in·

278 3395 337 3449 156.
356 3396 387 3444 F..
410 3392 555 3458 Xenoph.
577 3393 662 3444 Anab.
685 3394 719 3454 Π,
738 3392 761 3456 1,
813 3394 915 3444 dicante
938 3409 962 3442 v.
989 3393 1023 3442 ad
1044 3393 1164 3457 Sympos.
1186 3409 1211 3458 p.
1234 3391 1293 3444 211.

276 3464 301 3516 3.
339 3462 390 3512 Sed
420 3463 487 3513 oonf.
514 3461 626 3510 Matth.
656 3463 679 3522 §-
701 3459 760 3515 529.
812 3463 845 3511 D.
863 3460 1034 3578 Mffltthiae.
1053 3461 1097 3510 Gr.
1112 3460 1189 3526 ampl.
1200 3463 1223 3522 5.
1234 3460 1292 3516 581.

277 3537 345 3583 extr.
832 3528 888 3582 ,11
941 3544 994 3580 se.

315 3598 378 3663 Cap.
395 3595 516 3646 LXVIII.
538 3595 568 3646 B.
596 3591 636 3645 od
662 3592 760 3655 νόμος
812 3547 876 3649 PC.
904 3544 1128 3659 nardzor'oecev
1151 3592 1189 3645 ἂν
1212 3591 1292 3656 ὑμᾶς

279 3666 352 3717 ἑσιλ
373 3662 466 3730 σεμν.]
483 3679 547 3714 non
564 3670 614 3714 est
630 3678 696 3713 mos
714 3679 761 3713 su·
812 3663 854 3730 —]
872 3665 1021 3714 Diotionem
1041 3662 1184 3727 καταχῶσαι
1198 3661 1292 3729 λόγοιν,

277 3733 422 3801 perbire.
450 3732 573 3782 Proxima
588 3731 649 3781 illa:
668 3727 697 3783 δε
715 3728 760 3781 οὔ·
812 3731 912 3793 envers,
925 3731 1292 3797 dnar'vocsattigeruntfleus-

279 3820 307 3852 ιε
321 3805 466 3866 στρατηγοῦ
484 3818 505 3849 κ.
524 3818 543 3848 τ.
562 3801 592 3857 λ..
609 3800 760 3865 interpreta-
811 3801 849 3850 de
866 3801 939 3864 Spee.
957 3816 981 3865 p.
999 3797 1041 3853 42.
1059 3805 1085 3850 et
1102 3802 1187 3851 Bast.
1209 3800 1290 3865 Epist

278 3886 339 3920 mur
356 3870 407 3919 sio:
434 3869 487 3932 qui
510 3882 572 3916 neo
595 3867 688 3930 duee,
711 3885 760 3917 ne·
812 3866 1291 3933 oritp.230.ed.Lips.Deindeanim-

278 3939 352 3988 dum
364 3935 600 4002 gubernatore,
617 3950 760 3998 necquo-
812 3937 930 3986 advertes
956 3936 1196 4000 breviloquentiam.
1233 3936 1291 3985 Ple·

278 4022 373 4072 quam
393 4004 460 4054 alio
478 4004 583 4053 minus
597 4002 759 4053 interdum
811 4022 845 4055 ne
868 4005 937 4054 enim
959 4003 1095 4054 dicendum
1117 4004 1180 4054 fuit:
1208 4002 1291 4070 λέγων

278 4088 416 4125 servare
455 4076 572 4137 potest.
624 4072 690 4121 Nam
725 4067 759 4138 μὴ
812 4073 870 4122 δεῖν
885 4073 1025 4138 γίγνεσθαι
1041 4068 1231 4136 μηχανοποιοὺς
1247 4071 1290 4120 καλ

277 4141 331 4202 ὅτι,
355 4157 394 4190 ne
415 4139 535 4201 dicam,
562 4137 692 4201 nedum,
714 4140 760 4188 mi·
812 4141 970 4203 παρακαλῶν
997 4137 1040 4188 ἐπὶ
1069 4143 1143 4189 τοῦτο
1173 4136 1210 4204 (τὸ
1233 4137 1291 4189 δεῖν

278 4211 337 4260 nuit
365 4223 397 4259 ao
425 4207 543 4272 deprimit
564 4207 619 4256 vim
647 4211 693 4256 τοῦ
715 4224 760 4256 κν·
811 4213 845 4274 μ’
864 4208 915 4270 μ.)ε
953 4222 1011 4255 vos
1042 4205 1197 4258 obrueret
1228 4223 1290 4257 ser·

275 4275 425 4344 βερνήτσυ,
454 4277 529 4326 ouius
555 4291 597 4325 ars
619 4291 672 4324 non
693 4276 761 4324 tanti
811 4273 976 4337 monibus,
1002 4273 1115 4324 dicens
1137 4281 1289 4341 oportere

275 4347 442 4405 aestimatur,
459 4342 551 4407 quanti
568 4358 609 4392 ars
625 4344 761 4407 imperato·
812 4359 870 4393 vos
887 4343 968 4391 sieri
985 4341 1232 4394 maehinatores
1250 4350 1290 4394 at·

276 4417 322 4465 ris.
341 4414 373 4463 of.
391 4412 505 4464 Matth.
524 4412 547 4474 ξ.
566 4409 624 4462 624.
641 4409 666 4461 4.
683 4412 761 4462 Intal-
812 4428 874 4477 que
896 4409 935 4460 ad
957 4410 989 4459 id
1012 4426 1069 4460 vos
1098 4413 1290 4475 cohortans,
