3242 5259
403 609 442 667 74
654 607 818 670 PROLEG.
841 609 896 666 AD
917 607 1031 671 (101111.
1053 611 1165 671 PLAT.

401 777 484 835 schi
492 797 525 850 g,
547 776 716 853 Exploratio
736 777 1021 851 argumentationum
1034 779 1245 838 Socraticamm
1265 779 1297 836 in
1311 779 1422 853 Gorgia

401 866 431 919 01
459 862 580 919 Philebo
608 862 682 919 Plat.
705 861 828 920 Traiect.
857 862 893 919 ad
914 862 1007 920 Rhen.
1034 867 1122 920 1859.
1146 869 1172 920 8.
1202 868 1240 920 28
1269 883 1354 938 pagg.
1376 897 1421 906 -

401 947 522 1003 Herm.
552 946 738 1016 Schmidt,
766 945 953 1004 Difficiliores
982 946 1094 1025 aliquot
1122 947 1178 1006 loci
1207 948 1330 1021 Gorgiae
1352 949 1420 1006 Pla-

400 1029 489 1088 tonici
518 1030 664 1106 explioati.
692 1030 886 1104 Wittenberg.
919 1035 1007 1089 1860.
1038 1036 1066 1089 4.
1099 1035 1136 1088 12
1158 1052 1257 1108 pagg„
1286 1032 1337 1091 ubi
1359 1039 1420 1092 tra·

400 1119 517 1174 ctantur
537 1115 592 1173 loci
620 1135 648 1190 p.
672 1120 741 1174 453.
764 1116 794 1173 C.
826 1121 895 1173 455.
919 1118 954 1173 A.
985 1121 1055 1174 460.
1078 1117 1108 1174 0.
1139 1122 1209 1174 461.
1231 1118 1264 1174 Β.
1286 1119 1322 1175 D.
1346 1123 1419 1177 465.

398 1199 431 1257 Β.
454 1200 484 1258 O.
509 1205 578 1257 466.
599 1199 629 1258 0.
653 1200 723 1256 467.
745 1201 781 1257 A.
810 1200 881 1258 470.
903 1203 940 1258 A.
962 1202 995 1261 Β.
1020 1201 1090 1258 473.
1113 1203 1149 1257 Α.
1170 1202 1207 1258 D.
1229 1203 1263 1259 E.
1287 1203 1358 1260 475.
1381 1204 1417 1260 E.

400 1284 734 1360 —Supplementa
762 1283 902 1344 critica
925 1287 969 1343 ab
990 1285 1059 1343 Iul.
1082 1285 1278 1344 Deuschle
1307 1286 1421 1346 inserta

399 1368 491 1508 Novip
519 1368 625 1426 Annal.
654 1368 758 1428 Philol.
782 1372 812 1429 et
839 1370 963 1447 Paedag.
986 1371 1050 1428 701.
1072 1371 1218 1431 LXXXI.
1240 1371 1322 1430 Fasc.
1347 1373 1418 1431 7Π.

398 1471 427 1531 p.
451 1459 469 1510 4
493 1459 511 1510 6
534 1473 613 1533 seqq.

804 1609 1005 1619 „unq-—

728 1783 1081 1858 CODICES.

396 1922 627 1982 Olarkianus
649 1945 670 1982 s.
692 1925 927 1982 Bodleianus
952 1929 976 1981 1.
1000 1944 1017 1980 a
1038 1923 1200 1981 Gaisfordio
1223 1923 1354 1995 collatus.

396 2009 635 2067 Bodleianus
658 2015 684 2067 2.
707 2029 725 2067 0
746 2009 874 2069 Routhio
895 2009 1051 2088 inspectus.

396 2093 610 2152 Vaticanus
633 2099 702 2152 225.
726 2115 747 2154 s.
770 2092 810 2154 A.

397 2178 666 2237 coislinianus
687 2179 723 2237 Γ.

396 2261 569 2323 Venetus
590 2255 662 2327 Es.
689 2269 755 2323 184.

396 2347 567 2406 Venatus
589 2347 619 2406 Σ
637 2369 659 2407 0.
685 2353 752 2407 189.

395 2432 706 2492 Vindoboncnsis
733 2434 765 2505 Y,
788 2435 871 2493 nobis
892 2435 1015 2494 Vindob.
1039 2442 1066 2494 2.

394 2516 707 2578 vindobonensis
734 2519 771 2591 (1),
794 2519 877 2577 nobis
899 2519 1022 2578 Vindob.
1046 2527 1073 2578 6.

394 2602 568 2660 Parisini
589 2604 862 2664 BOEFIVW.

394 2687 607 2745 Vaticanus
631 2693 678 2745 61.
702 2688 773 2762 sign.
797 2708 833 2749 m.
857 2692 893 2746 ab
914 2689 998 2747 initio
1020 2694 1135 2747 tantum
1157 2689 1286 2748 collatus.

458 2772 520 2828 Hos
550 2773 781 2848 quattuordecim
818 2774 928 2831 codices
957 2773 1081 2832 contulit
1113 2775 1173 2830 Im.
1202 2776 1412 2848 Bekkerus,

395 2873 482 2933 quem
503 2855 570 2915 vide
592 2857 783 2916 Commentar.
806 2857 931 2916 0011.
954 2859 978 2916 Ι.
1001 2880 1028 2934 p.
1051 2859 1127 2917 VIII
1149 2878 1228 2936 seqq.

547 2969 701 3026 Praeterea
721 2987 773 3026 uos
795 2968 1015 3044 usurpavimus:

394 3076 715 3136 vindobonenses
747 3083 770 3136 1.
794 3084 821 3136 2.
846 3085 872 3137 6.
897 3081 939 3150 7.,
969 3081 1004 3136 de
1033 3078 1139 3156 quibus
1161 3100 1189 3136 v.
1211 3080 1295 3136 Varr.
1317 3080 1409 3138 Lectt.

459 3161 593 3222 editionis
615 3163 775 3239 Lipsiensis
796 3163 828 3221 Τ.
846 3165 885 3222 X.
907 3184 935 3239 p.
955 3165 1005 3220 ΠΙ
1026 3183 1105 3241 seqq.
1133 3164 1180 3220 Ex
1200 3163 1247 3221 his
1269 3165 1321 3240 qui
1342 3171 1411 3222 sunt

457 3247 585 3306 numeris
608 3254 635 3305 2.
658 3253 736 3307 016.
759 3248 868 3320 notati,
891 3248 979 3306 iidem
1000 3254 1083 3321 sunt,
1115 3268 1186 3326 quos
1207 3249 1359 3307 Bekkerus
1385 3249 1414 3306 Y

458 3338 488 3389 et
513 3332 544 3389 6)
564 3333 699 3407 signavit.
807 3363 808 3366 ¹

393 3415 642 3476 Florentinos
663 3437 768 3476 novem
791 3438 816 3475 a.
840 3419 866 3473 b.
890 3436 912 3474 c.
935 3418 961 3474 d.
983 3417 1003 3474 f.
1024 3437 1061 3474 m.
1085 3437 1154 3474 00.
1177 3436 1222 3488 x.‚
1245 3418 1280 3475 de
1304 3419 1410 3496 quibus

457 3523 484 3561 v.
507 3502 575 3561 ibid.
597 3525 623 3579 p.
646 3505 690 3562 VI
711 3524 769 3581 soq.
1322 3561 1326 3566 .

393 3585 672 3646 Findeisenius
701 3588 835 3646 adhibuit
862 3591 1142 3660 Augustanum,
1172 3586 1297 3643 eundem
1317 3586 1408 3657 illum,

456 3672 491 3729 de
513 3691 570 3749 quo
585 3675 621 3731 ad
635 3675 821 3731 Phaedonem
835 3672 971 3743 diximus,
994 3675 1024 3729 01
1045 3670 1408 3729 Moermannianum.

456 3784 562 3861 Itaque
583 3783 689 3858 viginti
703 3803 808 3842 novem
823 3783 933 3841 codices
948 3781 1139 3856 manuscripti
1161 3782 1197 3838 ad
1211 3782 1290 3838 hunc
1303 3781 1409 3838 librum

394 3868 508 3928 excussi
530 3873 606 3927 sunt.
657 3869 812 3926 Praeterea
831 3868 970 3926 lectiones
991 3886 1029 3924 ex
1050 3867 1111 3923 cod.
1134 3864 1318 3923 Palatino
1340 3885 1408 3943 quo-

394 3955 459 4011 dam
481 3958 632 4030 excerptas
653 3953 733 4010 dedit
754 3953 965 4010 Orcuzerus
986 3950 1132 4008 Meletom.
1148 3950 1229 4007 Fasc.
1251 3950 1276 4006 I.
1297 3970 1324 4024 p.
1352 3954 1408 4007 100

394 4059 452 4116 seq.
476 4044 505 4097 ot
527 4059 543 4096 o
564 4038 637 4096 libro
659 4037 933 4095 Darmstadino
956 4036 993 4093 ad
1021 4036 1128 4093 calcem
1149 4033 1257 4092 Plotini
1279 4034 1325 4092 Ι)0
1346 4035 1408 4109 pul-

394 4123 517 4182 chritud.
546 4144 573 4198 p.
598 4124 657 4181 796
680 4142 769 4201 seqq,
801 4123 837 4180 de
866 4121 972 4201 quibus
993 4120 1052 4180 vid.
1075 4121 1266 4180 Commentar.
1296 4125 1409 4178 nostros

394 4208 508 4267 criticos
529 4208 561 4267 T.
583 4209 656 4267 XII.
678 4208 697 4266 l.
720 4227 742 4265 c.

749 4435 1052 4453 ‘mmmmm
