3242 5259
384 599 423 653 58
739 598 1036 658 PROLEGOMENA

382 787 439 848 quo
467 769 590 843 Gorgiae
618 788 710 827 sermo
738 768 892 826 institutus
920 768 1055 842 fingatur.
1099 769 1239 832 Quocirca
1267 769 1395 844 primum

382 854 499 932 quidem
519 853 601 912 varia
620 858 783 928 temporum
803 852 886 925 signa
907 858 938 912 et
956 853 1064 912 indicia
1077 854 1202 913 sermoni
1216 853 1395 913 luculentius

381 939 522 1014 impressa
542 938 690 1013 collegisse
709 937 833 997 iuvabit

444 1023 597 1081 Ordiamur
616 1041 686 1082 vero
708 1041 725 1080 a
745 1021 927 1082 recensendis
953 1022 990 1080 iis
1011 1027 1174 1099 temporum
1194 1022 1287 1095 notis,
1316 1023 1395 1081 unde

382 1107 556 1186 colloquium
585 1108 698 1185 Olymp.
729 1113 777 1178 88,
809 1112 837 1164 2.
860 1128 900 1159 ε
923 1108 982 1166 427
1013 1127 1038 1166 0.
1067 1109 1135 1167 Ohr.
1163 1129 1192 1166 10
1220 1109 1268 1167 vel
1296 1108 1396 1184 paullo

380 1196 447 1268 post
467 1191 601 1251 habitum
628 1192 699 1266 fingi
719 1192 881 1250 coniectum
904 1196 957 1250 est
999 1191 1112 1255 Quibus
1133 1192 1310 1252 enumeratis
1329 1212 1395 1268 pro-

381 1276 546 1352 grediamur
567 1278 603 1335 ad
625 1296 659 1335 ea
680 1277 884 1351 cognoscenda,
906 1295 981 1354 quae
1002 1277 1047 1334 illi
1066 1277 1174 1336 rationi
1193 1279 1394 1337 adversantur.

381 1362 421 1420 nt
447 1362 573 1438 primum
602 1361 719 1440 quidem
747 1361 794 1421 hie
822 1362 1007 1420 memoranda
1041 1366 1087 1421 est
1106 1362 1229 1436 Gorgiae
1257 1362 1395 1420 Leontini

381 1446 487 1522 legatio
509 1447 622 1524 Olymp.
646 1452 694 1518 88,
716 1451 743 1503 2.
767 1467 807 1499 =
831 1446 890 1521 427
913 1465 939 1504 a
960 1447 1027 1505 chr.
1048 1466 1076 1504 n.
1097 1445 1237 1506 Athenas
1250 1451 1395 1523 suscepta,

382 1550 441 1610 qua
461 1531 510 1590 ille
531 1531 561 1589 id
589 1531 703 1590 efficere
731 1531 858 1603 studuit,
887 1535 922 1589 ut
946 1531 1134 1608 popularibus
1162 1532 1223 1590 suis
1250 1531 1395 1590 auxilium

381 1616 607 1675 Atheniensium
642 1620 742 1675 contra
771 1616 968 1693 Syracusanos
1002 1622 1230 1692 compararetur,
1271 1617 1307 1674 de
1335 1634 1397 1694 qua

383 1705 552 1777 repraeter
579 1700 650 1759 alios
670 1704 770 1759 narrat
797 1700 990 1758 Diodorus
1018 1701 1088 1759 Sic.
1110 1701 1183 1760 ΧΠ.
1204 1722 1233 1777 p.
1256 1704 1326 1759 sla.
1349 1702 1394 1759 ed.

381 1787 475 1845 Wess.
518 1785 675 1845 Enimvero
703 1785 791 1843 huius
820 1785 1035 1861 opportunitate
1062 1787 1162 1844 rhetor
1190 1785 1397 1849 celeberrimus

381 1876 517 1931 narratur
536 1872 661 1948 primum
688 1869 869 1928 artificialem
895 1871 1046 1928 rhetorum
1068 1871 1229 1928 Siculorum
1257 1870 1396 1948 eloquen-

381 1957 453 2016 tiam
472 1957 503 2013 in
525 1956 675 2016 Graeciam
694 1955 862 2030 pertulisse,
892 1973 980 2032 quam
1000 1974 1092 2032 quum
1121 1955 1171 2013 alii
1192 1955 1308 2026 Gracci,
1330 1959 1396 2013 turn

381 2042 522 2117 imprimis
552 2040 747 2100 Athenienses
781 2038 909 2096 maximo
944 2040 1040 2098 studio
1074 2039 1268 2115 exceperint„
1305 2039 1398 2098 Dedit

381 2127 459 2184 enim
479 2132 543 2185 tum
570 2145 629 2183 non
657 2127 741 2182 modo
762 2124 885 2200 publice,
915 2126 966 2182 sed
993 2124 1083 2182 etiarn
1103 2124 1241 2200 privatim
1268 2123 1397 2182 illustria

381 2212 444 2269 eius
464 2212 650 2281 documenta,
679 2228 754 2286 quae
783 2208 964 2267 audientium
992 2208 1103 2268 animos
1128 2210 1213 2269 valde
1240 2213 1398 2268 moverunt

381 2295 463 2354 etin
484 2295 640 2352 maximam
661 2293 880 2352 admirationem
901 2294 1097 2368 abripuerunt.
1147 2294 1183 2351 Id
1211 2293 1288 2370 quod
1310 2293 1397 2352 Plato

382 2380 444 2455 ipse
465 2380 618 2441 memoriae
639 2378 822 2454 prodiditin
842 2377 952 2453 Hippia
972 2378 1038 2435 mai.
1066 2399 1093 2453 p.
1116 2383 1185 2435 282.
1207 2379 1256 2449 Β.,
1286 2377 1338 2436 11111
1359 2378 1397 2436 de

381 2464 432 2521 illa
453 2465 575 2539 Gorgiae
597 2464 742 2538 legatione
763 2465 853 2526 verba
873 2462 983 2520 faciens
1010 2463 1088 2520 inter
1109 2463 1167 2520 alia
1187 2464 1260 2520 haec
1279 2468 1396 2522 narrat:

322 2622 325 2628 Ι
382 2547 431 2607 καὶ
453 2547 489 2608 ἓν
505 2552 550 2631 τῷ
572 2544 676 2628 δήμῳ,
705 2547 816 2625 10111111,
846 2541 944 2617 111οξον
972 2540 1082 2625 ἄριστα
1102 2546 1205 2619 alneis,
1233 2545 1283 2604 καὶ
1313 2544 1397 2629 stip

381 2631 533 2705 ἐπιδείξεις
554 2629 731 2707 ποιούμενος
750 2631 799 2690 καὶ
827 2627 927 2690 συνών
946 2637 1010 2701 τοῖς
1035 2627 1110 2700 νέοις
1127 2626 1273 2711 χρήματα
1299 2628 1398 2690 πολλὰ

382 2714 540 2796 εἰργάσατο
560 2715 610 2775 καὶ
632 2713 737 2791 {tofles
757 2714 788 2774 ἐκ
808 2714 896 2793 zarda
917 2719 971 2793 τῆς
992 2711 1114 2788 πόλεως,
1135 2716 1154 2774 1.
1172 2736 1197 2774 0.
1219 2716 1395 2774 Athenis.

382 2804 429 2860 Ad
451 2804 506 2859 hoc
527 2801 617 2876 igitur
638 2801 790 2873 legationis
811 2806 926 2876 tempus
946 2800 1003 2858 viri
1024 2800 1194 2872 doctissimi,
1216 2819 1290 2878 quos
1310 2802 1395 2859 modo

380 2885 602 2958 nominavimus,
622 2885 769 2958 dialogum
790 2904 904 2943 omnem
924 2890 1122 2960 comparatum
1142 2905 1204 2944 esse
1219 2891 1397 2944 censuerunt

380 2976 540 3048 propterea,
563 2973 640 3048 quod
659 2974 723 3028 tum
735 2989 845 3029 novum
858 2969 938 3028 istud
952 2970 1133 3047 eloquentiae
1147 2989 1239 3045 genus
1251 2970 1284 3028 in
1297 2970 1397 3029 Sicilia

381 3056 532 3115 excultum
553 3061 583 3115 et
603 3055 729 3133 primum
756 3055 787 3112 in
808 3055 937 3113 Atticam
957 3057 1103 3130 perlatum
1123 3055 1162 3114 sit
1188 3060 1219 3114 et
1238 3055 1396 3114 maximam

381 3141 563 3201 audientium
584 3139 802 3199 admirationem
825 3139 1012 3211 excitaverit,
1040 3140 1135 3217 qualis
1161 3140 1189 3197 ei
1214 3145 1318 3215 postea
1344 3140 1396 3200 vix

381 3246 481 3284 rursus
501 3225 629 3302 potuerit
650 3225 806 3298 obtingere.
850 3224 1006 3284 Enimvero
1034 3228 1161 3302 quantus
1188 3228 1253 3282 turn
1274 3224 1397 3300 Gorgias

381 3313 474 3369 honor
496 3311 620 3370 Athenis
641 3310 680 3369 sit
700 3309 833 3380 habitus,
862 3309 893 3366 id
921 3328 1012 3387 quum
1032 3309 1154 3367 aliorum
1180 3310 1396 3369 narrationibus

381 3396 579 3471 cognoscitur,
607 3401 672 3454 tum
701 3393 967 3471 Olympiodori
994 3398 1108 3452 constat
1134 3393 1316 3468 testimonio,
1346 3394 1395 3473 qni

382 3502 431 3540 eos
452 3482 530 3553 dies,
561 3481 667 3558 quibus
688 3479 819 3554 sophista
839 3483 933 3537 artem
952 3497 1035 3536 suam
1055 3497 1151 3536 coram
1171 3480 1279 3554 populo
1300 3484 1395 3538 osten-

362 3567 505 3637 tavent,
528 3568 565 3624 ab
587 3563 815 3623 Atheniensibus
835 3582 889 3639 pro
909 3562 993 3622 festis
1013 3563 1128 3621 habitos
1147 3563 1239 3622 1111000
1258 3564 1396 3642 ipsasque

381 3649 444 3709 eins
466 3644 609 3708 orationes
631 3649 777 3724 lampadas
793 3648 953 3723 appellatas
967 3667 1030 3706 esse
1045 3647 1152 3720 scribit,
1173 3667 1202 3708 v.
1218 3667 1286 3707 ann.
1305 3655 1395 3708 nostr.

382 3736 418 3793 ad
440 3735 527 3808 Gorg.
548 3754 575 3810 p.
599 3734 727 3792 4110.
770 3734 835 3790 Iam
860 3751 929 3792 vero
957 3751 1023 3790 cum
1049 3733 1104 3790 hoc
1124 3733 1262 3808 temporis
1289 3733 1395 3792 indicio

382 3819 507 3877 mirabili
547 3837 617 3876 sana
653 3819 736 3875 modo
771 3818 937 3888 concordat,
974 3817 1052 3895 quod
1085 3837 1113 3893 p.
1149 3821 1219 3876 503.
1255 3818 1288 3877 0.
1342 3820 1395 3876 Pa

382 3904 467 3963 ricles
487 3902 595 3962 dicitur
619 3901 726 3961 νεωστὶ
753 3897 997 3978 τετελευτηκέναι.
1039 3901 1148 3959 Incidit
1173 3901 1252 3960 enirn
1277 3903 1396 3962 Periclis

382 4008 459 4047 mors
481 3989 512 4046 in
534 3987 648 4065 Olymp.
672 3988 724 4058 87,
754 3993 781 4043 4.
798 4007 839 4037 =
856 3991 916 4044 429
938 4005 964 4044 a
985 3986 1052 4044 Ghr.
1072 4006 1110 4058 n.,
1131 3987 1293 4046 utduobus
1313 3988 1398 4049 annis

381 4077 450 4132 ante
472 4073 595 4147 Gorgiae
616 4071 791 4146 legationem
813 4070 951 4129 evenerit.
980 4070 1064 4133 Quod
1077 4075 1221 4148 quantum
1241 4073 1279 4130 ad
1299 4077 1397 4133 aaa·

382 4159 449 4215 dam
470 4156 625 4234 superioris
653 4156 774 4215 rationis
795 4155 1078 4214 verisimilitudinem
1105 4175 1139 4213 ac
1165 4157 1399 4231 probabilitatem

383 4243 488 4314 valeat,
512 4248 588 4301 certe
610 4261 694 4299 nemo
716 4241 772 4298 erit
792 4239 865 4317 quin
885 4259 938 4297 sua
959 4245 1060 4316 sponte
1081 4239 1303 4301 animadvertat.
1337 4243 1398 4301 Neo

384 4345 454 4385 vero
475 4326 542 4385 inde
564 4326 677 4386 abludit
698 4325 777 4383 aliud
799 4324 877 4402 quid.
928 4324 1043 4383 Dicitur
1063 4325 1142 4382 enim
1162 4327 1285 4398 Demos,
1314 4328 1398 4405 Pyri-

387 4408 491 4491 lampis
511 4412 598 4489 filius,
619 4432 647 4493 p.
670 4415 740 4473 481.
762 4411 798 4471 D.
820 4428 838 4469 0
859 4409 974 4471 Callicle
1002 4410 1034 4472 ia
1055 4409 1165 4473 deliciis
1185 4411 1306 4474 habitus
1325 4432 1396 4478 0000
