3242 5259
361 538 363 541 ¹
389 577 450 631 aaa
805 574 1002 635 Ριιυοιιιε

387 734 408 817 5
430 738 536 799 ἄλλων
557 734 753 817 τραυμάτων
771 739 850 814 ζῶν,
880 737 935 801 καί
955 743 1132 816 τεθνεῶτος
1152 741 1189 803 τδ
1211 743 1304 823 σῶμα
1323 739 1404 807 ἔστιν

389 833 469 897 ἰδεῖν
497 843 598 896 ταῦτα
626 828 710 915 ἕχον.
738 836 915 917 κατεαγότα
943 857 976 899 τε
1003 837 1033 899 εί
1057 860 1117 900 του
1144 831 1188 920 ἦν
1215 836 1296 922 με’λη
1323 840 1405 923 555-

389 928 588 1014 εστραμμένα
609 934 737 1009 ζῶντος,
758 931 814 996 καί
832 937 1010 1009 τεθνεῶτος
1037 934 1138 999 ταύτὰ
1158 945 1261 1000 ταῦτα
1282 934 1406 1021 ἔνδηλα

332 1031 365 1095 D
387 1027 435 1092 ἑνί
454 1027 488 1094 δὲ
508 1030 610 1115 λόγῳ,
632 1022 701 1104 οίος
723 1024 805 1094 είναι
825 1034 1062 1113 παρεσκεύαστο
1084 1037 1120 1098 τὸ
1142 1038 1235 1116 σῶμα
1256 1039 1338 1115 ζῶν,
1359 1034 1405 1100 ἔν-

388 1127 469 1209 δηλα
488 1134 591 1192 ταῦτα
610 1126 664 1191 καί
684 1129 931 1211 τελευτήσαντος
961 1131 981 1212 5
1002 1132 1107 1195 ποίντα
1127 1131 1148 1213 5
1169 1133 1209 1196 τὰ
1229 1135 1335 1198 πολλὰ
1356 1134 1414 1199 ἐπί

387 1249 460 1289 τινα
480 1228 608 1308 χρόνον,
637 1226 757 1289 ταύτὸν
786 1227 826 1310 δή
854 1251 910 1309 μοι
936 1228 1025 1293 δοκεῖ
1051 1223 1136 1294 τοῦτ’
1166 1234 1231 1310 ἄρα
1259 1233 1404 1316 καὶπερὶ

378 1313 448 1407 ιτὴν
467 1320 576 1407 ψυχὴν
597 1318 697 1400 εἶναι,
720 1316 745 1386 5
768 1325 969 1404 Καλλίκλεις·
999 1328 1115 1410 ἔνδηλα
1135 1334 1242 1393 πάντα
1264 1328 1404 1397 ἐστὶνίν

387 1430 427 1504 τῇ
448 1431 548 1504 ψυχῇ,
570 1419 698 1485 ἐπειδὰν
713 1428 874 1507 γυμνωθη
895 1434 954 1487 τοῦ
976 1425 1130 1508 σώματος,
1151 1429 1192 1490 τοί
1210 1448 1245 1490 τε
1265 1437 1324 1511 της
1346 1430 1399 1510 φί-

387 1534 466 1594 σεως
496 1519 608 1584 καὶτὰ
629 1522 805 1603 παθήματα
834 1521 928 1585 δδιδι
956 1520 1016 1605 τὴν
1037 1521 1239 1607 ἐπιτήδευσιν
1269 1522 1401 1593 ἕκαστον

388 1619 574 1701 πράγματος
595 1615 684 1701 ἔσχεν
705 1617 740 1682 ἐν
760 1629 799 1702 τῇ
821 1628 909 1701 ψυχῇ
930 1619 949 1684 5
970 1623 1153 1703 ἄνθρωπος.
1170 1615 1325 1689 Ἐπειδὰν
1346 1619 1402 1690 οὖν

387 1718 568 1799 ἀφίκωνται
593 1716 680 1797 παρὰ
708 1718 765 1781 τὸν
793 1718 963 1801 δικαστήν,
1000 1718 1033 1782 oi
1064 1719 1123 1801 μὲν
1153 1718 1188 1785 ἐκ
1217 1731 1276 1804 τῆς
1293 1717 1402 1798 Ἀσίας

262 1840 268 1853 ·
333 1825 363 1891 Ε
387 1814 473 1898 παρὰ
493 1815 551 1878 τὸν
566 1806 804 1895 Ῥαδαίμανθυν
827 1808 1088 1896 ὁῬαδοίμανθυς
1108 1817 1254 1894 ἐκείνους
1281 1819 1401 1906 ἐπιστή-

439 2001 468 2051 0.
503 1997 683 2066 κατεαγότα
706 2019 737 2051 τε
759 2002 793 2051 εί
813 2019 868 2051 του
892 1992 939 2069 ἦν]
974 1980 1399 2085 Eusebiushabet5uarccyo'ra

386 2070 491 2121 Rectius
515 2086 542 2118 τε
562 2069 698 2119 Bekkerus
721 2069 820 2119 addidit
843 2086 876 2119 ex
899 2071 958 2120 Par
981 2071 1013 2120 V.
1048 2071 1117 2121 Dein
1139 2070 1206 2138 μέρη
1228 2074 1292 2124 Ald.
1316 2076 1398 2141 steph.

386 2155 446 2188 cum
463 2138 522 2187 Par.
538 2138 595 2187 EF.

437 2207 623 2257 τεθνεαιτοε
641 2200 737 2254 ταύτὰ
755 2209 851 2255 ταῦτα
869 2203 1004 2272 λιδηλα]
1022 2206 1081 2256 Ηοε
1098 2205 1156 2256 dedi
1174 2223 1208 2257 ex
1225 2209 1362 2260 unoFlor.
1374 2227 1396 2260 a

385 2274 505 2324 Ficinus:
546 2272 656 2323 eadam
685 2274 765 2323 hacc
791 2279 959 2338 apparent.
993 2274 1024 2322 In
1051 2275 1143 2324 ceteris
1171 2275 1249 2326 libris
1283 2280 1398 2329 omnibus

386 2339 464 2392 ταύτὰ
481 2342 612 2391 omissum.
641 2341 718 2424 Apud
734 2342 876 2391 Eusebium
894 2341 988 2392 desunt
1003 2341 1085 2392 verba
1101 2349 1180 2393 ταῦτα
1197 2343 1244 2394 ἔνδ
1247 2347 1302 2408 η,λα

437 2412 470 2459 D.
499 2406 515 2474 5
538 2407 643 2459 πάντα
654 2406 687 2492 5
710 2406 741 2491 ιδ
768 2406 883 2475 πολλὰ]
919 2410 961 2459 Sic
985 2411 1077 2475 scripsi
1098 2411 1130 2460 de
1153 2412 1305 2464 coniectura
1323 2413 1395 2464 Find-

386 2479 478 2529 eisenii
494 2494 540 2543 pro
558 2467 664 2540 vulg.
647 2496 681 2543 ην
699 2475 794 2535 πάντα,
814 2477 883 2541 quod
900 2493 976 2526 nemo
994 2479 1131 2543 quisquam
1148 2479 1273 2531 tuebitur
1308 2482 1340 2532 Et
1353 2481 1394 2531 lra-

386 2547 449 2596 bent
465 2547 544 2595 etiarn
560 2545 693 2610 superiora
714 2547 742 2594 in
760 2545 868 2610 apodosi
890 2561 990 2611 semper
1006 2562 1129 2611 praesens
1146 2552 1263 2614 tcmpuS,
1287 2566 1339 2600 non
1354 2550 1396 2598 im·

385 2615 534 2680 perfeetum.
568 2613 692 2663 Defendit
713 2618 800 2663 tamen
823 2629 929 2679 pravam
953 2614 1106 2695 scripturam
1132 2616 1223 2668 Actius
1253 2617 1396 2684 explicans:

385 2685 435 2732 ita
453 2686 528 2732 sunt
545 2686 580 2731 ut
597 2687 698 2732 erant.
734 2680 809 2743 Quod
827 2697 982 2732 memorasse
1000 2683 1064 2732 satis
1081 2689 1127 2732 est.

436 2751 467 2800 E.
493 2745 581 2834 παρη
605 2746 659 2799 τὸν
681 2746 933 2837 Ῥαδάμανθυν]
955 2751 1019 2800 Post
1044 2750 1108 2801 hacc
1130 2752 1190 2801 Par.
1207 2751 1240 2800 V.
1263 2751 1350 2803 addit.
1373 2752 1398 2803 οί

386 2813 409 2867 δ
428 2815 457 2867 ἐκ
476 2822 518 2883 τῆς
536 2813 672 2882 E55oirr5c
691 2835 761 2881 παρα
779 2836 826 2867 τον
845 2818 956 2867 Αιακου,
984 2818 1059 2880 Quod
1076 2819 1125 2869 etsi
1142 2820 1253 2884 scriptor
1268 2821 1296 2870 in
1315 2822 1397 2871 animo

385 2885 490 2947 habuit,
511 2891 599 2935 tamen
622 2903 675 2936 non
698 2886 844 2936 addendum
868 2903 925 2937 esse
950 2890 1013 2936 satis
1038 2886 1132 2938 docent
1148 2903 1215 2952 quae
1232 2887 1328 2940 deinde
1345 2906 1398 2940 aar·

384 2960 482 3004 rantur.

385 3105 523 3170 fliguntur,
547 3108 576 3152 ut
598 3103 733 3154 cicatrices
758 3111 817 3169 post
839 3121 868 3154 sa
954 3109 987 3157 D.
1005 3102 1075 3158 οἶοι
1099 3100 1191 3156 εἶναι
1215 3105 1395 3170 ταρεσιιτί

385 3173 541 3253 relinquant.
591 3171 674 3238 Igitur
708 3172 798 3235 Plato,
839 3174 867 3222 si
921 3180 1008 3236 σῶμα
1026 3173 1090 3256 §.l
1098 3175 1171 3224 Haec
1188 3175 1326 3259 iungenda
1342 3182 1394 3228 aaut

385 3241 473 3306 quis,
501 3240 598 3305 inquit,
631 3239 769 3291 verbero
801 3240 867 3290 fuit
917 3245 970 3292 aio
989 3236 1394 3309 οἶοςιδσῶμαεῖναιπαρεσιι

384 3309 768 3374 haburtquerncorpore
787 3324 867 3359 orca
918 3309 1037 3374 5—552
1062 3309 1161 3376 λόγῳ,
1187 3316 1222 3360 ut
1239 3314 1342 3368 verbo
1358 3313 1396 3362 dr

385 3378 486 3427 trices
505 3381 566 3443 (non
585 3392 649 3428 casu
659 3382 780 3441 acceptas
796 3376 866 3439 illas,
917 3395 997 3441 cam,
1023 3378 1174 3442 denique
1213 3379 1349 3431 Phaedon.
1372 3397 1395 3445 p.

385 3462 438 3496 non
463 3446 600 3508 honestas,
633 3445 688 3508 sed)
724 3445 781 3509 ίχνη
814 3449 866 3495 cciv
917 3445 957 3531 65.
975 3415 1016 3496 D:
1035 3448 1077 3496 καί
1096 3446 1149 3496 τοῖν
1165 3442 1253 3496 ἄλλων
1270 3447 1313 3498 tut
1332 3446 1395 3514 λόγῳ

385 3516 528 3579 πληγῶνιι
548 3515 605 3566 αλ.
640 3515 757 3574 Poterat,
775 3512 865 3575 fateor,
916 3510 1049 3564 ἁπάντων
1094 3515 1135 3564 De
1156 3515 1218 3579 Rep
1238 3516 1271 3565 V.
1292 3531 1317 3581 p.
1341 3515 1395 3567 474.

384 3583 501 3632 omittere
524 3582 584 3645 ἴχνη
609 3586 661 3630 των
679 3550 796 3646 πληγῶν,
820 3550 865 3630 sed
917 3582 946 3632 C
968 3582 1028 3632 XII.
1041 3597 1075 3647 p.
1098 3579 1156 3632 571.
1180 3583 1213 3631 D.
1261 3584 1396 3634 Barnea.

384 3650 490 3712 addidit,
508 3666 558 3715 quo
576 3648 702 3699 illustrior
718 3655 866 3699 essetcom·
916 3650 949 3701 ad
971 3650 1060 3715 Eurip.
1084 3651 1161 3700 Hero.
1186 3651 1249 3699 Fur.
1272 3667 1297 3701 v.
1325 3649 1397 3703 1391.

383 3719 483 3784 paratio
507 3717 621 3782 corporis
638 3718 773 3767 verberum
797 3718 865 3767 cica-
916 3719 1065 3769 Pierson.
1088 3717 1269 3783 Verisimin
1270 3718 1396 3771 ,181-

384 3787 492 3839 tricibus
519 3786 638 3851 stigmoai
665 3800 723 3834 cum
753 3784 866 3836 bominis
916 3784 1038 3837 Deinde
1030 3803 1057 3835 ιιι
1075 3786 1128 3835 his:
1146 3734 1269 3850 ίνδηλιιΡ
1261 3791 1340 3837 ταῦτα
1355 3786 1396 3837 καὶ

383 3871 496 3920 nequam
507 3870 601 3915 ammo
615 3868 658 3902 our
669 3853 725 3902 vsta
736 3853 866 3918 flagitiosa
916 3857 972 3910 τιλ,
989 3869 1132 3919 pronomen
1149 3856 1350 3940 rofianaponitur,
1366 3869 1397 3905 ae

383 3930 514 3987 tamquam
525 3926 600 3972 notas
610 3927 672 4011 post
682 3926 789 3971 mortem
803 3937 865 3971 con·
916 3924 939 3972 si
956 3923 1081 3987 scriptum
1098 3927 1179 3972 esset·
1196 3919 1214 3971 ἆ
1231 3940 1268 3975 us
1286 3928 1334 3973 τοῦ
1348 3919 1396 3973 coi·

384 3992 502 4075 spicuas
505 3989 623 4039 inussit?
639 3991 679 4039 De
697 3988 865 4055 significatio·
915 4007 993 4051 ματος
1012 3996 1105 4056 σημεῖα
1127 3988 1170 4039 καί
1189 3983 1374 4057 παθήματα
1346 4007 1396 4055 seza

384 4076 418 4110 na
435 4076 461 4109 v.
471 4055 534 4124 οὐλὴ
543 4058 634 4108 audias
652 4056 864 4107 Euatathium
916 4061 982 4122 ζῶν,
995 4074 1077 4143 quae
1090 4059 1219 4108 sententia
1236 4059 1327 4110 subest
1343 4074 1397 4108 ver·

383 4128 415 4178 ad
433 4126 508 4177 Iliad.
519 4078 592 4192 5'.p
595 4124 677 4179 ..455
695 4125 734 4174 ed.
752 4126 863 4174 Runa:
916 4127 956 4177 bia
974 4121 1031 4178 cios
1048 4119 1117 4176 εἶναι
1135 4144 1162 4176 π.
1180 4124 1209 4177 τὸ
1227 4131 1302 4189 σῶμα
1319 4129 1379 4192 ζῶν.

383 4194 571 4280 μ3641ιίροα
576 4143 865 4279 Ρδιαφείιειδὲοιίλῆο
950 4191 986 4245 τά
1008 4211 1075 4245 ter.
1099 4192 1299 4260 ‹potiosus-1
1324 4196 1395 4245 H..e

384 4259 488 4346 ώταιλή,
514 4262 561 4313 ὅτι
587 4259 700 4347 ω’τειλὴ
727 4260 777 4320 μὲι
800 4257 866 4346 αὐτοὶ
916 4267 947 4313 et
986 4278 1067 4326 quae
1106 4267 1271 4312 anatura
1310 4278 1395 4313 acce·

385 4327 414 4414 ιδ
441 4336 555 4396 τραῦμα,
584 4326 666 4411 οιίλὴ
696 4327 727 4379 δὲ
750 4324 866 4380 zoroe·
849 4346 866 4380 a
915 4331 965 4380 nrt
981 4335 1012 4381 ct
1029 4345 1244 4396 quaecunque
1267 4347 1296 4380 ει
1314 4344 1395 4381 accr

384 4396 748 4466 τίτοςθερατινθίντοιτν
1002 4404 1040 4451 nt
1072 4414 1121 4462 eo,
1161 4397 1248 4463 quod
1286 4397 1394 4450 studio
