3242 5259
506 602 690 664 GORGIAS.
712 604 746 663 P.
770 605 839 661 518.
864 606 933 661 519.
955 603 1002 662 ed.
1024 602 1067 661 st.
1234 602 1292 660 317

278 767 357 842 τοὺς
378 767 500 841 αἰτίους
521 770 587 830 τῶν
607 769 729 830 κακῶν·
752 775 814 830 σοῦ
834 765 869 828 δὲ
889 765 965 839 ἰ’σως
986 762 1212 848 ἐπιλήψονται,
1239 762 1296 828 ἐὰν

221 923 223 926 .
277 866 322 950 μὴ
344 867 474 948 εὐλαβῇ,
495 865 629 929 καὶτοῦ
650 863 729 946 ἐμοῦ
752 861 882 943 ἑταίρου
900 860 1122 943 Ἀλκιβιάδου,
1144 861 1222 925 ὅταν
1242 861 1295 927 καὶ

276 963 318 1028 τά
338 965 456 1048 ἀρχαῖα
475 963 741 1045 προςαπολλύωσι
768 962 850 1043 πρὸς
870 954 920 1036 οἶς
942 961 1138 1044 ἐκτήσαντο,
1168 961 1229 1024 ούκ
1248 961 1295 1024 cl·
1316 966 1345 1031 Β

277 1064 357 1127 τίων
394 1067 500 1128 όντων
527 1065 594 1126 τῶν
619 1064 748 1137 κακῶν,
785 1053 850 1123 ἀλλ’
880 1059 956 1134 ίσως
983 1057 1165 1122 συναιτίων.
1191 1060 1294 1122 καίτοι

278 1158 379 1244 ἔγωγε
413 1162 554 1242 ἀνόητον
582 1170 714 1242 πράημα
743 1154 798 1220 καὶ
826 1166 889 1220 νῦν
919 1155 986 1235 δρῶ
1017 1156 1211 1239 γιγνόμενον
1240 1154 1295 1219 καὶ

278 1261 390 1324 ἀκούω
406 1263 472 1332 τῶν
486 1249 631 1322 παλαιῶν
649 1256 779 1336 ἀνδρῶν
800 1251 881 1334 πέρι.
904 1254 1102 1335 αἰσθάνομαι
1122 1255 1194 1335 γάρ,
1217 1248 1296 1318 ὅταν

278 1359 300 1441 ἡ
326 1358 419 1431 πόλις
450 1355 524 1420 τινὰ
550 1358 615 1419 τῶν
644 1357 816 1418 πολιτικῶν
836 1349 966 1433 ἀνδρῶν
985 1353 1232 1435 μεταχειρίζηται
1252 1353 1296 1427 ῶς

279 1449 472 1531 ἀδικοῦντα,
500 1449 772 1536 ἀγανακτούντων
792 1451 846 1515 καὶ
866 1451 1120 1532 σχετλιαζόυτων,
1143 1449 1186 1525 ῶς
1206 1451 1295 1514 δεινὰ

279 1555 455 1635 πάσχουσι·
485 1551 587 1616 πολλὰ
607 1549 661 1615 καὶ
681 1543 791 1630 ἀγαθὰ
812 1547 872 1631 τὴν
892 1550 987 1612 πόλιν
1007 1549 1213 1630 πεποιηκότες
1233 1553 1296 1631 ἀρα

279 1645 399 1723 ἀδίκως
427 1642 484 1713 ἀπ’
514 1649 613 1732 αύτης
641 1648 857 1724 ἀπόλλυνται,
885 1647 929 1721 ῶς
949 1647 968 1710 ὅ
987 1647 1113 1710 τούτων
1132 1648 1237 1729 λόγος.
1259 1646 1295 1710 τὸ

279 1749 313 1812 δὲ
336 1743 415 1812 ὅλον
435 1746 557 1822 ψεῦδός
577 1743 650 1809 ἐστι.
670 1746 850 1827 προστάτης
869 1745 932 1825 γὰρ
952 1746 1075 1819 πόλεως
1094 1741 1166 1808 οὐδ’
1189 1745 1231 1808 ἀν
1251 1739 1296 1820 εἷς
1319 1752 1346 1820 C

278 1868 356 1911 ποτε
386 1845 505 1918 ἀδίκως
535 1838 688 1908 ἀπόλοιτο
715 1836 771 1907 ὑπ’
798 1844 897 1924 αὐτῆς
916 1853 973 1924 τῆς
992 1843 1130 1919 πόλεως,
1161 1831 1200 1925 ἧς
1219 1865 1295 1924 προ-

279 1950 394 2009 στατεῖ.
425 1943 608 2008 κινδυνεύει
635 1941 698 2023 γὰρ
725 1940 844 2005 ταύτὸν
865 1935 966 2020 εἶναι,
995 1937 1068 2005 ὅσοι
1086 1962 1119 2003 τε
1139 1940 1296 2005 πολιτικοὶ

278 2047 534 2124 προςποιούνται
564 2034 648 2103 εἶναι
676 2039 730 2103 καὶ
759 2033 830 2104 ὅσοι
858 2040 1017 2118 σοφισταί.
1038 2036 1092 2102 καὶ
1110 2038 1174 2121 γάρ
1195 2039 1227 2102 οἱ
1245 2054 1296 2103 σο-

279 2134 410 2222 φισταί,
440 2132 540 2202 τάλλα
568 2135 666 2220 σοφοὶ
694 2128 804 2216 ὄντες,Δ
832 2145 930 2202 τοῦτο
958 2140 1081 2200 άτοττον
1111 2134 1296 2216 ἐργάζονται

278 2248 427 2320 πράημα·
457 2237 637 2318 φάσκοντες
665 2235 728 2318 γὰρ
757 2229 871 2317 ἀρετῆς
900 2234 1086 2299 διδάσκαλοι
1112 2227 1197 2297 εἶναι
1221 2238 1296 2298 πολ-

279 2453 409 2519 πάσχουσι
431 2459 568 2515 commate,
592 2460 652 2520 pcst
674 2453 721 2521 τὴν
744 2451 820 2504 πόλιν
842 2451 1011 2539 πεπηιηκὸιες
1034 2460 1132 2534 puncto
1155 2453 1296 2519 distingue

277 2525 365 2587 batur,
376 2538 427 2607 pro
439 2519 491 2587 ὅρα
503 2491 602 2576 άδίάωε
612 2530 699 2574 autem
711 2515 908 2574 scribebatur
890 2539 943 2587 αρα
955 2517 1006 2579 άδ,
1025 2524 1100 2587 signo
1118 2520 1297 2588 interrogandi

276 2598 338 2657 pcst
361 2587 398 2643 cis
421 2587 435 2640 ό
458 2588 557 2641 τούτων
580 2587 656 2658 λόχοε
678 2592 840 2656 interposito.
878 2591 928 2640 Pro
956 2581 1010 2654 ἀρα
1036 2606 1089 2640 non
1114 2590 1195 2654 pauci
1220 2589 1295 2640 codd.

277 2655 481 2725 praebuerunt
464 2676 526 2723 ape
543 2674 595 2725 quo
607 2659 725 2712 restituto
743 2660 831 2710 omnia
848 2665 918 2710 recte
936 2673 964 2709 ac
981 2659 1085 2709 habent.
1120 2659 1199 2709 Recte
1216 2660 1296 2709 verba

277 2727 401 2778 distinxit
417 2727 530 2781 Bekkcr.

278 2907 429 2981 consilium¹
452 2929 555 2980 Siciliae
589 2922 764 2997 occupandae.
815 2931 903 2980 ratio
934 2936 985 2981 est
1013 2945 1138 2994 corum,
1173 2931 1230 2996 qui
1260 2945 1295 2981 se

278 3000 321 3049 Ex
344 3014 395 3062 quo
413 3003 527 3063 tempore
544 2999 648 3064 saepius
666 2997 765 3048 excidit
814 2998 1024 3063 profitentur
1057 3000 1218 3050 civitatis
1252 3014 1296 3048 re·

278 3066 609 3132 populigratiaatiavore.
632 3066 684 3117 Sed
701 3073 764 3117 nota
815 3066 940 3133 gendae
962 3068 1104 3132 peritos,
1127 3073 1295 3128 eteorum,

278 3135 343 3184 haec
369 3132 489 3184 omnibus
515 3139 577 3184 sunt
599 3151 633 3185 ex
655 3135 764 3185 historia

277 3202 344 3252 belli
360 3203 586 3267 Peloponnesiaci.

318 3272 348 3319 B.
400 3272 669 3336 μεταχειρίζηται
716 3266 761 3322 cis

278 3335 479 3403 ἀδικοῦντα]
504 3343 636 3388 tractat
659 3345 694 3389 ut
710 3337 761 3388 ho-

277 3409 397 3456 minem
415 3406 669 3457 maleficum-
687 3401 761 3471 ἀγα-

281 3470 516 3534 νακτούντων,
534 3490 571 3525 sc.
589 3470 685 3524 πότων.
712 3476 761 3525 Lo-

277 3544 368 3607 quitur
397 3541 466 3592 enim
493 3542 546 3592 iam
572 3541 604 3592 de
627 3543 764 3605 omnibus,

277 3612 343 3661 licet
364 3625 447 3659 unum
466 3610 610 3660 alterumve
627 3611 695 3662 male
712 3617 762 3661 tra·

278 3685 378 3729 etatum
396 3693 453 3729 csse
472 3683 576 3728 statuat.

314 3744 414 3796 πολλὰ
442 3745 493 3795 καὶ
521 3742 691 3812 ἀγαθὰ-

279 3812 355 3880 pos]
380 3813 433 3878 qui
456 3813 564 3879 igitur
587 3814 762 3864 civitatem

278 3882 401 3932 multis
431 3879 613 3932 boneficiis
642 3881 762 3932 estece-

278 3957 371 4011 runt,
395 3965 421 3997 11
443 3947 481 3999 ab
499 3965 535 4000 oa
551 3953 706 4016 pereunt
728 3955 763 3999 ut

278 4019 341 4068 isti
370 4017 539 4068 dictitent.
573 4014 725 4069 Voculae*
710 4035 763 4082 apo

278 4087 317 4137 sic
340 4085 500 4150 postpositae
513 4086 636 4150 exempla
654 4085 763 4152 college-

278 4162 340 4204 runt
362 4153 554 4204 Heindorf.
579 4153 665 4204 adh.
686 4154 704 4203 l.
730 4154 763 4204 ad

278 4223 414 4287 Protagor.
432 4237 456 4286 p.
474 4219 580 4273 355..ss
605 4227 631 4272 et
653 4222 762 4272 Iacob.

278 4290 312 4339 ad
329 4291 440 4339 Lucian
459 4291 555 4372 Txoxar.
592 4286 657 4340 ..63

312 4359 341 4407 C.
391 4352 515 4407 ταύτὸν
549 4364 652 4416 ειναι,
688 4355 763 4407 ὅσοι

278 4445 309 4476 τε
333 4424 416 4492 not]
450 4426 530 4476 Nam
556 4425 669 4477 cadem
694 4426 763 4477 fere

816 3135 872 3198 qui
898 3151 933 3185 se
959 3135 1132 3217 sophistas
1155 3150 1230 3185 esse
1254 3135 1296 3184 (11-

815 3208 904 3252 cunt.
939 3202 1026 3253 Verba
1048 3198 1111 3251 καιδ
1134 3199 1161 3251 τό
1187 3200 1295 3263 νοούμε-

816 3288 863 3319 νον
878 3275 1059 3336 coagmentata
1073 3275 1142 3319 sunt.
1159 3272 1214 3318 Aut
1227 3272 1296 3320 enim

814 3337 950 3387 δίοειιδυιιι
971 3339 1034 3387 fuit·
1063 3334 1215 3386 κινδυνεύει
1236 3335 1296 3386 ταύ-

814 3401 860 3454 τδν
890 3399 960 3455 εἶναι
988 3401 1016 3455 τὸ
1045 3400 1189 3489 retinueris
1218 3397 1296 3463 εἶναι,

814 3480 870 3522 aut:
888 3471 1075 3523 κινδυνεύουσι
1084 3467 1179 3521 ταύτὸν
1189 3470 1296 3536 πάσχειν

813 3539 871 3591 ὅσοι
889 3558 914 3590 τε
932 3558 957 3590 π.
978 3558 1000 3590 κ.
1019 3558 1038 3589 τ.
1057 3542 1077 3589 λ.
1113 3539 1164 3590 Sed
1186 3546 1296 3604 utraque

813 3610 972 3659 constructio
991 3614 1135 3673 permutata
1152 3613 1191 3670 ct,
1213 3615 1243 3657 ut
1259 3607 1296 3670 fit,

813 3678 842 3727 in
858 3692 939 3727 unum
956 3677 1066 3727 confusa
1082 3684 1128 3726 est.
1155 3676 1236 3726 Cuius
1253 3692 1297 3741 ge-

813 3745 884 3795 neris
895 3744 1014 3812 exempla
1030 3745 1104 3795 affert
1120 3744 1295 3795 Matthiae.

815 3815 859 3863 Gr.
885 3812 962 3878 ampl.
987 3814 1009 3875 ἓ.
1035 3811 1093 3866 632.
1142 3813 1201 3864 Ν1ε1
1231 3812 1296 3862 forte

814 3881 960 3962 simplicius
986 3887 1026 3931 est
1051 3886 1111 3931 ante
1139 3878 1194 3930 ὅσοι
1221 3879 1297 3930 intel·

814 3949 895 4030 ligere
913 3945 1019 4002 τούτοις

810 4019 812 4028 ’
849 4012 1169 4096 φάσκοντεςχάρῆ
1188 4016 1297 4064 Daseu-

814 4085 897 4135 tentia
913 4085 1047 4136 commode
1064 4083 1183 4134 laudavit
1199 4083 1297 4133 Hein-

814 4152 896 4203 dorf.
918 4151 1064 4218 Xenoph.
1087 4152 1164 4201 Mem.
1183 4148 1254 4214 1,2,
1273 4148 1296 4201 7.

814 4222 918 4270 Ιεοοι.
939 4221 1027 4271 Contr.
1046 4218 1159 4285 Sophist.
1183 4220 1207 4278 ξ.
1227 4217 1253 4268 ὅ.
1272 4217 1296 4269 6.

813 4289 969 4354 Exemplum
983 4290 1021 4339 rei
1033 4288 1148 4338 narravit
1166 4286 1297 4336 Gellius

815 4358 847 4406 N.
864 4357 896 4406 A.
913 4357 945 4419 V,
964 4355 1004 4408 10.
1039 4357 1184 4406 Pronomen
1202 4351 1298 4406 edredo

813 4430 873 4490 post
884 4421 920 4478 ῶε
936 4393 1054 4475 ἀδικοῦσι
1072 4428 1142 4488 σφᾶς
1159 4424 1298 4473 Bekker.
