<?xml version="1.0" encoding="UTF-8"?>
<!DOCTYPE html PUBLIC "-//W3C//DTD XHTML 1.0 Transitional//EN"
    "http://www.w3.org/TR/xhtml1/DTD/xhtml1-transitional.dtd">
<html xmlns="http://www.w3.org/1999/xhtml" xml:lang="en" lang="en">
 <head>
  <title>
</title>
<meta http-equiv="Content-Type" content="text/html;charset=utf-8" />
  <meta name='ocr-system' content='tesseract 3.04.00' />
  <meta name='ocr-capabilities' content='ocr_page ocr_carea ocr_par ocr_line ocrx_word'/>
</head>
<body>
  <div class='ocr_page' id='page_1' title='image "./platonisgorgias02platgoog_0291.png"; bbox 0 0 3242 5259; ppageno 0'>
   <div class='ocr_carea' id='block_1_1' title="bbox 436 604 1001 667">
    <p class='ocr_par' dir='ltr' id='par_1_1' title="bbox 436 604 1001 667">
     <span class='ocr_line' id='line_1_1' title="bbox 436 604 1001 667; baseline 0 -1"><span class='ocrx_word' id='word_1_1' title='bbox 436 604 620 667; x_wconf 78' lang='lat' dir='ltr'><strong>GORGIAS.</strong></span> <span class='ocrx_word' id='word_1_2' title='bbox 643 607 676 665; x_wconf 87' lang='lat' dir='ltr'>P.</span> <span class='ocrx_word' id='word_1_3' title='bbox 701 610 770 665; x_wconf 86' lang='lat'>500.</span> <span class='ocrx_word' id='word_1_4' title='bbox 795 610 865 664; x_wconf 85' lang='lat'>501.</span> <span class='ocrx_word' id='word_1_5' title='bbox 888 609 934 667; x_wconf 88' lang='lat' dir='ltr'>ed.</span> <span class='ocrx_word' id='word_1_6' title='bbox 957 608 1001 666; x_wconf 83' lang='lat' dir='ltr'>St.</span> 
     </span>
    </p>
   </div>
   <div class='ocr_carea' id='block_1_2' title="bbox 1167 613 1228 667">
    <p class='ocr_par' dir='ltr' id='par_1_2' title="bbox 1167 613 1228 667">
     <span class='ocr_line' id='line_1_2' title="bbox 1167 613 1228 667; baseline 0 -1"><span class='ocrx_word' id='word_1_7' title='bbox 1167 613 1228 667; x_wconf 82' lang='lat'>259</span> 
     </span>
    </p>
   </div>
   <div class='ocr_carea' id='block_1_3' title="bbox 209 761 1278 1932">
    <p class='ocr_par' dir='ltr' id='par_1_3' title="bbox 209 761 1278 1932">
     <span class='ocr_line' id='line_1_3' title="bbox 211 761 1231 854; baseline 0.002 -21"><span class='ocrx_word' id='word_1_8' title='bbox 211 770 348 842; x_wconf 78' lang='grc' dir='ltr'><strong><em>δοῦναι,</em></strong></span> <span class='ocrx_word' id='word_1_9' title='bbox 377 769 561 851; x_wconf 88' lang='grc' dir='ltr'><strong><em>ήίατρική·</em></strong></span> <span class='ocrx_word' id='word_1_10' title='bbox 591 769 613 851; x_wconf 90' lang='grc' dir='ltr'><strong><em>ή</em></strong></span> <span class='ocrx_word' id='word_1_11' title='bbox 641 761 669 832; x_wconf 83' lang='grc' dir='ltr'>δ’</span> <span class='ocrx_word' id='word_1_12' title='bbox 700 766 790 849; x_wconf 80' lang='grc' dir='ltr'><strong><em>ἑτέρα</em></strong></span> <span class='ocrx_word' id='word_1_13' title='bbox 819 778 875 850; x_wconf 83' lang='grc' dir='ltr'>τής</span> <span class='ocrx_word' id='word_1_14' title='bbox 894 771 1025 852; x_wconf 78' lang='grc' dir='ltr'><strong><em>ἡδονῆς,</em></strong></span> <span class='ocrx_word' id='word_1_15' title='bbox 1047 772 1128 852; x_wconf 85' lang='grc' dir='ltr'><strong><em>πρὸς</em></strong></span> <span class='ocrx_word' id='word_1_16' title='bbox 1148 772 1231 854; x_wconf 78' lang='grc' dir='ltr'>ήνή</span> 
     </span>
     <span class='ocr_line' id='line_1_4' title="bbox 210 862 1229 951; baseline 0.002 -21"><span class='ocrx_word' id='word_1_17' title='bbox 210 867 370 948; x_wconf 75' lang='grc' dir='ltr'><strong><em>θεραπεία</em></strong></span> <span class='ocrx_word' id='word_1_18' title='bbox 391 868 473 949; x_wconf 75' lang='grc' dir='ltr'><strong><em>αὐτῇ</em></strong></span> <span class='ocrx_word' id='word_1_19' title='bbox 495 865 579 931; x_wconf 79' lang='grc' dir='ltr'><strong><em>ἐστιν</em></strong></span> <span class='ocrx_word' id='word_1_20' title='bbox 599 867 725 945; x_wconf 77' lang='grc' dir='ltr'><strong><em>ἅπασα,</em></strong></span> <span class='ocrx_word' id='word_1_21' title='bbox 752 868 870 950; x_wconf 80' lang='grc' dir='ltr'><strong><em>κομιδή</em></strong></span> <span class='ocrx_word' id='word_1_22' title='bbox 899 867 1037 950; x_wconf 78' lang='grc' dir='ltr'><strong><em>ἀτέχνως</em></strong></span> <span class='ocrx_word' id='word_1_23' title='bbox 1058 862 1104 932; x_wconf 81' lang='grc' dir='ltr'>ἐπ’</span> <span class='ocrx_word' id='word_1_24' title='bbox 1126 868 1229 951; x_wconf 83' lang='grc' dir='ltr'><strong><em>αὐτὴν</em></strong></span> 
     </span>
     <span class='ocr_line' id='line_1_5' title="bbox 211 963 1230 1049; baseline 0 -19"><span class='ocrx_word' id='word_1_25' title='bbox 211 964 350 1048; x_wconf 79' lang='grc' dir='ltr'><strong><em>ἔρχεται,</em></strong></span> <span class='ocrx_word' id='word_1_26' title='bbox 380 969 453 1028; x_wconf 77' lang='grc' dir='ltr'><strong><em>οὔτε</em></strong></span> <span class='ocrx_word' id='word_1_27' title='bbox 473 987 504 1028; x_wconf 92' lang='grc' dir='ltr'>τι</span> <span class='ocrx_word' id='word_1_28' title='bbox 524 966 583 1048; x_wconf 84' lang='grc' dir='ltr'>τήν</span> <span class='ocrx_word' id='word_1_29' title='bbox 604 967 706 1046; x_wconf 85' lang='grc' dir='ltr'><strong><em>φύσιν</em></strong></span> <span class='ocrx_word' id='word_1_30' title='bbox 728 963 910 1049; x_wconf 76' lang='grc' dir='ltr'><em>σκεψαμένη</em></span> <span class='ocrx_word' id='word_1_31' title='bbox 938 976 995 1048; x_wconf 83' lang='grc' dir='ltr'>τής</span> <span class='ocrx_word' id='word_1_32' title='bbox 1015 966 1136 1048; x_wconf 79' lang='grc' dir='ltr'><em>ἡδονῆς</em></span> <span class='ocrx_word' id='word_1_33' title='bbox 1156 970 1230 1031; x_wconf 79' lang='grc' dir='ltr'><strong><em>οὔτε</em></strong></span> 
     </span>
     <span class='ocr_line' id='line_1_6' title="bbox 211 1061 1228 1146; baseline 0.001 -21"><span class='ocrx_word' id='word_1_34' title='bbox 211 1063 272 1146; x_wconf 89' lang='grc' dir='ltr'>τήν</span> <span class='ocrx_word' id='word_1_35' title='bbox 304 1063 427 1141; x_wconf 81' lang='grc' dir='ltr'><strong><em>αἰτίαν,</em></strong></span> <span class='ocrx_word' id='word_1_36' title='bbox 468 1063 593 1145; x_wconf 61' lang='lat' dir='ltr'>aloyae</span> <span class='ocrx_word' id='word_1_37' title='bbox 619 1084 652 1126; x_wconf 90' lang='grc' dir='ltr'>τε</span> <span class='ocrx_word' id='word_1_38' title='bbox 682 1065 903 1143; x_wconf 76' lang='grc' dir='ltr'><strong><em>παντάπασιν,</em></strong></span> <span class='ocrx_word' id='word_1_39' title='bbox 940 1063 983 1137; x_wconf 81' lang='grc' dir='ltr'>ὡς</span> <span class='ocrx_word' id='word_1_40' title='bbox 1014 1061 1090 1139; x_wconf 78' lang='grc' dir='ltr'><strong><em>ἔπος</em></strong></span> <span class='ocrx_word' id='word_1_41' title='bbox 1118 1065 1228 1141; x_wconf 71' lang='grc' dir='ltr'><strong><em>εἰπεῖν,</em></strong></span> 
     </span>
     <span class='ocr_line' id='line_1_7' title="bbox 212 1160 1229 1246; baseline 0.002 -21"><span class='ocrx_word' id='word_1_42' title='bbox 212 1161 309 1226; x_wconf 83' lang='grc' dir='ltr'><strong><em>οὐδὲν</em></strong></span> <span class='ocrx_word' id='word_1_43' title='bbox 330 1160 617 1243; x_wconf 77' lang='grc' dir='ltr'><strong><em>διαριθμήσαμένη,</em></strong></span> <span class='ocrx_word' id='word_1_44' title='bbox 639 1164 732 1245; x_wconf 81' lang='grc' dir='ltr'><strong><em>τριβή</em></strong></span> <span class='ocrx_word' id='word_1_45' title='bbox 749 1162 800 1226; x_wconf 81' lang='grc' dir='ltr'><strong><em>καὶ</em></strong></span> <span class='ocrx_word' id='word_1_46' title='bbox 819 1160 963 1245; x_wconf 77' lang='grc' dir='ltr'><strong><em>ἐμπειρία</em></strong></span> <span class='ocrx_word' id='word_1_47' title='bbox 984 1164 1115 1245; x_wconf 80' lang='grc' dir='ltr'><strong><em>μνήμην</em></strong></span> <span class='ocrx_word' id='word_1_48' title='bbox 1126 1164 1229 1246; x_wconf 88' lang='grc' dir='ltr'><strong><em>μόνον</em></strong></span> 
     </span>
     <span class='ocr_line' id='line_1_8' title="bbox 211 1248 1278 1343; baseline -0.001 -19"><span class='ocrx_word' id='word_1_49' title='bbox 211 1259 377 1342; x_wconf 78' lang='grc' dir='ltr'><strong><em>σωζομένη</em></strong></span> <span class='ocrx_word' id='word_1_50' title='bbox 396 1265 456 1324; x_wconf 82' lang='grc' dir='ltr'>τοῦ</span> <span class='ocrx_word' id='word_1_51' title='bbox 478 1260 630 1333; x_wconf 75' lang='grc' dir='ltr'><strong><em>εἰωθότος</em></strong></span> <span class='ocrx_word' id='word_1_52' title='bbox 650 1259 841 1341; x_wconf 74' lang='grc' dir='ltr'><strong><em>γίγνεσθαι,</em></strong></span> <span class='ocrx_word' id='word_1_53' title='bbox 871 1248 897 1342; x_wconf 77' lang='grc' dir='ltr'><em>ᾧ</em></span> <span class='ocrx_word' id='word_1_54' title='bbox 919 1258 958 1341; x_wconf 80' lang='grc' dir='ltr'>δή</span> <span class='ocrx_word' id='word_1_55' title='bbox 987 1258 1041 1323; x_wconf 87' lang='grc' dir='ltr'><strong><em>καὶ</em></strong></span> <span class='ocrx_word' id='word_1_56' title='bbox 1068 1261 1226 1343; x_wconf 79' lang='grc' dir='ltr'><strong><em>πορίζεται</em></strong></span> <span class='ocrx_word' id='word_1_57' title='bbox 1248 1267 1278 1332; x_wconf 94' lang='grc' dir='ltr'>Β</span> 
     </span>
     <span class='ocr_line' id='line_1_9' title="bbox 211 1351 1228 1440; baseline 0 -18"><span class='ocrx_word' id='word_1_58' title='bbox 211 1359 268 1433; x_wconf 78' lang='grc' dir='ltr'>τὰς</span> <span class='ocrx_word' id='word_1_59' title='bbox 288 1358 417 1440; x_wconf 82' lang='grc' dir='ltr'><strong><em>ήδονοίς.</em></strong></span> <span class='ocrx_word' id='word_1_60' title='bbox 449 1352 534 1420; x_wconf 82' lang='grc' dir='ltr'><strong><em>ταῦτ’</em></strong></span> <span class='ocrx_word' id='word_1_61' title='bbox 555 1351 617 1421; x_wconf 79' lang='grc' dir='ltr'>οὖν</span> <span class='ocrx_word' id='word_1_62' title='bbox 637 1367 767 1438; x_wconf 81' lang='grc' dir='ltr'><strong><em>πρῶτον</em></strong></span> <span class='ocrx_word' id='word_1_63' title='bbox 795 1357 908 1421; x_wconf 79' lang='grc' dir='ltr'><strong><em>σκόπει</em></strong></span> <span class='ocrx_word' id='word_1_64' title='bbox 935 1358 963 1420; x_wconf 89' lang='grc' dir='ltr'>εί</span> <span class='ocrx_word' id='word_1_65' title='bbox 983 1359 1073 1421; x_wconf 81' lang='grc' dir='ltr'><strong><em>δοκεῖ</em></strong></span> <span class='ocrx_word' id='word_1_66' title='bbox 1090 1373 1141 1421; x_wconf 84' lang='grc' dir='ltr'><strong><em>σοι</em></strong></span> <span class='ocrx_word' id='word_1_67' title='bbox 1162 1358 1228 1422; x_wconf 83' lang='grc' dir='ltr'><strong><em>ίκα-</em></strong></span> 
     </span>
     <span class='ocr_line' id='line_1_10' title="bbox 210 1449 1229 1539; baseline 0 -19"><span class='ocrx_word' id='word_1_68' title='bbox 210 1460 276 1530; x_wconf 84' lang='grc' dir='ltr'>νῶς</span> <span class='ocrx_word' id='word_1_69' title='bbox 298 1454 466 1537; x_wconf 78' lang='grc' dir='ltr'><strong><em>λέγεσθαι,</em></strong></span> <span class='ocrx_word' id='word_1_70' title='bbox 496 1452 552 1518; x_wconf 79' lang='grc' dir='ltr'><strong><em>καὶ</em></strong></span> <span class='ocrx_word' id='word_1_71' title='bbox 580 1449 664 1519; x_wconf 82' lang='grc' dir='ltr'><strong><em>εἶναί</em></strong></span> <span class='ocrx_word' id='word_1_72' title='bbox 683 1477 767 1530; x_wconf 84' lang='grc' dir='ltr'><strong><em>τινες</em></strong></span> <span class='ocrx_word' id='word_1_73' title='bbox 788 1454 840 1520; x_wconf 78' lang='grc' dir='ltr'><strong><em>καὶ</em></strong></span> <span class='ocrx_word' id='word_1_74' title='bbox 863 1455 933 1536; x_wconf 78' lang='grc' dir='ltr'><strong><em>περὶ</em></strong></span> <span class='ocrx_word' id='word_1_75' title='bbox 955 1456 1065 1539; x_wconf 78' lang='grc' dir='ltr'><strong><em>ψυχήν</em></strong></span> <span class='ocrx_word' id='word_1_76' title='bbox 1085 1467 1229 1520; x_wconf 83' lang='grc' dir='ltr'><strong><em>τοιαῦται</em></strong></span> 
     </span>
     <span class='ocr_line' id='line_1_11' title="bbox 211 1551 1228 1636; baseline 0 -18"><span class='ocrx_word' id='word_1_77' title='bbox 211 1560 305 1618; x_wconf 78' lang='grc' dir='ltr'><strong><em>ἄλλαι</em></strong></span> <span class='ocrx_word' id='word_1_78' title='bbox 334 1558 562 1635; x_wconf 78' lang='grc' dir='ltr'><strong><em>πραγματεῖαι,</em></strong></span> <span class='ocrx_word' id='word_1_79' title='bbox 591 1553 624 1616; x_wconf 82' lang='grc' dir='ltr'><strong><em>αἱ</em></strong></span> <span class='ocrx_word' id='word_1_80' title='bbox 650 1551 709 1633; x_wconf 76' lang='grc' dir='ltr'><strong><em>μὲν</em></strong></span> <span class='ocrx_word' id='word_1_81' title='bbox 738 1554 892 1634; x_wconf 82' lang='grc' dir='ltr'><strong><em>τεχνικαί,</em></strong></span> <span class='ocrx_word' id='word_1_82' title='bbox 926 1556 1131 1636; x_wconf 73' lang='grc' dir='ltr'><strong><em>προμήθειαν</em></strong></span> <span class='ocrx_word' id='word_1_83' title='bbox 1156 1578 1228 1618; x_wconf 90' lang='grc' dir='ltr'><strong><em>τινα</em></strong></span> 
     </span>
     <span class='ocr_line' id='line_1_12' title="bbox 211 1649 1228 1736; baseline -0.001 -19"><span class='ocrx_word' id='word_1_84' title='bbox 211 1652 343 1736; x_wconf 76' lang='grc' dir='ltr'><strong><em>ἔχουσαι</em></strong></span> <span class='ocrx_word' id='word_1_85' title='bbox 370 1661 429 1715; x_wconf 82' lang='grc' dir='ltr'>τοῦ</span> <span class='ocrx_word' id='word_1_86' title='bbox 450 1651 616 1732; x_wconf 80' lang='grc' dir='ltr'><strong><em>βελτίστου</em></strong></span> <span class='ocrx_word' id='word_1_87' title='bbox 645 1649 720 1731; x_wconf 83' lang='grc' dir='ltr'><strong><em>περί</em></strong></span> <span class='ocrx_word' id='word_1_88' title='bbox 745 1650 805 1732; x_wconf 86' lang='grc' dir='ltr'>τήν</span> <span class='ocrx_word' id='word_1_89' title='bbox 832 1653 958 1733; x_wconf 78' lang='grc' dir='ltr'><strong><em>ψυχήν,</em></strong></span> <span class='ocrx_word' id='word_1_90' title='bbox 989 1652 1023 1714; x_wconf 82' lang='grc' dir='ltr'><strong><em>αἱ</em></strong></span> <span class='ocrx_word' id='word_1_91' title='bbox 1048 1653 1083 1716; x_wconf 80' lang='grc' dir='ltr'>δὲ</span> <span class='ocrx_word' id='word_1_92' title='bbox 1109 1654 1228 1716; x_wconf 84' lang='grc' dir='ltr'><strong><em>τούτου</em></strong></span> 
     </span>
     <span class='ocr_line' id='line_1_13' title="bbox 211 1743 1229 1834; baseline -0.001 -19"><span class='ocrx_word' id='word_1_93' title='bbox 211 1753 271 1834; x_wconf 80' lang='grc' dir='ltr'><strong><em>μὲν</em></strong></span> <span class='ocrx_word' id='word_1_94' title='bbox 299 1751 533 1831; x_wconf 67' lang='lat' dir='ltr'>disposuerimus,</span> <span class='ocrx_word' id='word_1_95' title='bbox 562 1747 750 1830; x_wconf 78' lang='grc' dir='ltr'><strong><em>ἐσκεμμένοι</em></strong></span> <span class='ocrx_word' id='word_1_96' title='bbox 781 1743 808 1811; x_wconf 85' lang='lat' dir='ltr'>d&#39;</span> <span class='ocrx_word' id='word_1_97' title='bbox 839 1743 900 1827; x_wconf 81' lang='grc' dir='ltr'>αὖ,</span> <span class='ocrx_word' id='word_1_98' title='bbox 932 1745 1035 1830; x_wconf 78' lang='grc' dir='ltr'><strong><em>ὥςπερ</em></strong></span> <span class='ocrx_word' id='word_1_99' title='bbox 1061 1751 1143 1828; x_wconf 79' lang='grc' dir='ltr'><strong><em>ἐκεῖ,</em></strong></span> <span class='ocrx_word' id='word_1_100' title='bbox 1170 1748 1229 1833; x_wconf 84' lang='grc' dir='ltr'>τήν</span> 
     </span>
     <span class='ocr_line' id='line_1_14' title="bbox 209 1846 1228 1932; baseline 0 -20"><span class='ocrx_word' id='word_1_101' title='bbox 209 1848 337 1932; x_wconf 84' lang='grc' dir='ltr'><strong><em>ήδονήν</em></strong></span> <span class='ocrx_word' id='word_1_102' title='bbox 357 1849 460 1930; x_wconf 88' lang='grc' dir='ltr'><strong><em>μόνον</em></strong></span> <span class='ocrx_word' id='word_1_103' title='bbox 479 1856 536 1929; x_wconf 82' lang='grc' dir='ltr'>τῆς</span> <span class='ocrx_word' id='word_1_104' title='bbox 556 1856 670 1929; x_wconf 78' lang='grc' dir='ltr'><strong>ψυχῆς,</strong></span> <span class='ocrx_word' id='word_1_105' title='bbox 692 1846 764 1910; x_wconf 88' lang='grc' dir='ltr'><strong><em>τίνα</em></strong></span> <span class='ocrx_word' id='word_1_106' title='bbox 779 1846 821 1910; x_wconf 74' lang='grc' dir='ltr'>ἂν</span> <span class='ocrx_word' id='word_1_107' title='bbox 837 1848 918 1929; x_wconf 70' lang='grc' dir='ltr'><strong><em>αὐτή</em></strong></span> <span class='ocrx_word' id='word_1_108' title='bbox 909 1848 1058 1930; x_wconf 88' lang='grc' dir='ltr'><strong><em>τρόπον</em></strong></span> <span class='ocrx_word' id='word_1_109' title='bbox 1073 1847 1228 1930; x_wconf 77' lang='grc' dir='ltr'><strong><em>γίγνοιτο,</em></strong></span> 
     </span>
    </p>
   </div>
   <div class='ocr_carea' id='block_1_4' title="bbox 208 2028 1227 2574">
    <p class='ocr_par' dir='ltr' id='par_1_4' title="bbox 210 2028 1227 2166">
     <span class='ocr_line' id='line_1_15' title="bbox 262 2028 1227 2098; baseline -0.002 -14"><span class='ocrx_word' id='word_1_110' title='bbox 262 2033 385 2098; x_wconf 86' lang='grc' dir='ltr'><strong><em>κομιδῇ</em></strong></span> <span class='ocrx_word' id='word_1_111' title='bbox 414 2028 569 2096; x_wconf 77' lang='grc' dir='ltr'><strong><em>ἀτέχνως]</em></strong></span> <span class='ocrx_word' id='word_1_112' title='bbox 607 2031 650 2080; x_wconf 87' lang='lat' dir='ltr'>Sic</span> <span class='ocrx_word' id='word_1_113' title='bbox 673 2032 738 2080; x_wconf 90' lang='lat' dir='ltr'>Ven.</span> <span class='ocrx_word' id='word_1_114' title='bbox 765 2031 825 2081; x_wconf 86' lang='grc' dir='ltr'>ΞΣ</span> <span class='ocrx_word' id='word_1_115' title='bbox 848 2032 906 2084; x_wconf 88' lang='lat' dir='ltr'>Par.</span> <span class='ocrx_word' id='word_1_116' title='bbox 930 2033 988 2081; x_wconf 95' lang='lat' dir='ltr'>CV</span> <span class='ocrx_word' id='word_1_117' title='bbox 1016 2032 1090 2082; x_wconf 92' lang='lat' dir='ltr'>Bodl.</span> <span class='ocrx_word' id='word_1_118' title='bbox 1114 2033 1171 2085; x_wconf 89' lang='lat' dir='ltr'>Par</span> <span class='ocrx_word' id='word_1_119' title='bbox 1200 2039 1227 2082; x_wconf 83' lang='lat' dir='ltr'>et</span> 
     </span>
     <span class='ocr_line' id='line_1_16' title="bbox 210 2097 1176 2166; baseline 0 -14"><span class='ocrx_word' id='word_1_120' title='bbox 210 2103 301 2153; x_wconf 86' lang='lat' dir='ltr'>Clark.</span> <span class='ocrx_word' id='word_1_121' title='bbox 320 2118 336 2150; x_wconf 86' lang='lat' dir='ltr'>a</span> <span class='ocrx_word' id='word_1_122' title='bbox 352 2118 387 2150; x_wconf 93' lang='lat' dir='ltr'>m.</span> <span class='ocrx_word' id='word_1_123' title='bbox 405 2116 464 2163; x_wconf 82' lang='lat' dir='ltr'>sca,</span> <span class='ocrx_word' id='word_1_124' title='bbox 482 2101 579 2149; x_wconf 85' lang='lat' dir='ltr'>utram</span> <span class='ocrx_word' id='word_1_125' title='bbox 596 2099 778 2148; x_wconf 88' lang='lat' dir='ltr'>Findeisenius</span> <span class='ocrx_word' id='word_1_126' title='bbox 796 2102 917 2165; x_wconf 83' lang='lat' dir='ltr'>reposuit.</span> <span class='ocrx_word' id='word_1_127' title='bbox 953 2097 1176 2166; x_wconf 67' lang='lat' dir='ltr'>Vulgo&#39;erepais</span> 
     </span>
    </p>

    <p class='ocr_par' dir='ltr' id='par_1_5' title="bbox 208 2164 1227 2506">
     <span class='ocr_line' id='line_1_17' title="bbox 262 2164 1226 2284; baseline -0.004 -64"><span class='ocrx_word' id='word_1_128' title='bbox 262 2167 389 2249; x_wconf 35' lang='grc' dir='ltr'><strong><em>α’ίόγωιε</em></strong></span> <span class='ocrx_word' id='word_1_129' title='bbox 413 2185 445 2218; x_wconf 88' lang='grc' dir='ltr'>τε</span> <span class='ocrx_word' id='word_1_130' title='bbox 468 2164 697 2284; x_wconf 45' lang='lat' dir='ltr'>raur&#39;rrciaaoev]</span> <span class='ocrx_word' id='word_1_131' title='bbox 729 2167 878 2217; x_wconf 86' lang='lat' dir='ltr'>Findeisen.</span> <span class='ocrx_word' id='word_1_132' title='bbox 905 2173 931 2216; x_wconf 93' lang='lat' dir='ltr'>et</span> <span class='ocrx_word' id='word_1_133' title='bbox 952 2167 1087 2217; x_wconf 84' lang='lat' dir='ltr'>Heindorf.</span> <span class='ocrx_word' id='word_1_134' title='bbox 1111 2167 1142 2216; x_wconf 90' lang='lat' dir='ltr'>de</span> <span class='ocrx_word' id='word_1_135' title='bbox 1165 2183 1226 2216; x_wconf 92' lang='lat' dir='ltr'>con·</span> 
     </span>
     <span class='ocr_line' id='line_1_18' title="bbox 209 2231 1227 2318; baseline -0.005 -30"><span class='ocrx_word' id='word_1_136' title='bbox 209 2241 312 2288; x_wconf 86' lang='lat' dir='ltr'>iectura</span> <span class='ocrx_word' id='word_1_137' title='bbox 329 2239 487 2302; x_wconf 86' lang='lat' dir='ltr'>scripserunt</span> <span class='ocrx_word' id='word_1_138' title='bbox 503 2231 596 2300; x_wconf 76' lang='grc' dir='ltr'><strong><em>ἄλογός</em></strong></span> <span class='ocrx_word' id='word_1_139' title='bbox 614 2252 641 2284; x_wconf 88' lang='grc' dir='ltr'>τε</span> <span class='ocrx_word' id='word_1_140' title='bbox 659 2252 693 2294; x_wconf 80' lang='grc' dir='ltr'>π,</span> <span class='ocrx_word' id='word_1_141' title='bbox 713 2235 757 2285; x_wconf 90' lang='lat' dir='ltr'>sed</span> <span class='ocrx_word' id='word_1_142' title='bbox 774 2252 799 2283; x_wconf 84' lang='lat' dir='ltr'>v.</span> <span class='ocrx_word' id='word_1_143' title='bbox 818 2252 878 2286; x_wconf 88' lang='lat' dir='ltr'>ann.</span> <span class='ocrx_word' id='word_1_144' title='bbox 911 2236 979 2284; x_wconf 87' lang='lat' dir='ltr'>Dein</span> <span class='ocrx_word' id='word_1_145' title='bbox 998 2251 1043 2300; x_wconf 89' lang='lat' dir='ltr'>pro</span> <span class='ocrx_word' id='word_1_146' title='bbox 1061 2235 1131 2300; x_wconf 82' lang='lat' dir='ltr'>vulg.</span> <span class='ocrx_word' id='word_1_147' title='bbox 1151 2231 1227 2318; x_wconf 79' lang='grc' dir='ltr'><strong><em>τριβή</em></strong></span> 
     </span>
     <span class='ocr_line' id='line_1_19' title="bbox 208 2302 1225 2367; baseline -0.005 -11"><span class='ocrx_word' id='word_1_148' title='bbox 208 2308 252 2357; x_wconf 82' lang='grc' dir='ltr'><strong><em>καὶ</em></strong></span> <span class='ocrx_word' id='word_1_149' title='bbox 280 2305 400 2367; x_wconf 78' lang='grc' dir='ltr'><strong><em>ἐμπειρία</em></strong></span> <span class='ocrx_word' id='word_1_150' title='bbox 423 2319 487 2354; x_wconf 87' lang='lat' dir='ltr'>casu</span> <span class='ocrx_word' id='word_1_151' title='bbox 508 2304 669 2353; x_wconf 86' lang='lat' dir='ltr'>nominativo</span> <span class='ocrx_word' id='word_1_152' title='bbox 692 2320 725 2352; x_wconf 86' lang='lat' dir='ltr'>ex</span> <span class='ocrx_word' id='word_1_153' title='bbox 752 2303 839 2353; x_wconf 81' lang='lat' dir='ltr'>Clark.</span> <span class='ocrx_word' id='word_1_154' title='bbox 857 2304 916 2352; x_wconf 89' lang='lat' dir='ltr'>Par.</span> <span class='ocrx_word' id='word_1_155' title='bbox 940 2304 998 2352; x_wconf 92' lang='lat' dir='ltr'>BV.</span> <span class='ocrx_word' id='word_1_156' title='bbox 1023 2302 1057 2352; x_wconf 90' lang='lat' dir='ltr'>al.</span> <span class='ocrx_word' id='word_1_157' title='bbox 1082 2304 1158 2367; x_wconf 83' lang='grc' dir='ltr'><strong><em>τριβῇ</em></strong></span> <span class='ocrx_word' id='word_1_158' title='bbox 1183 2305 1225 2352; x_wconf 89' lang='grc' dir='ltr'><strong><em>καὶ</em></strong></span> 
     </span>
     <span class='ocr_line' id='line_1_20' title="bbox 209 2368 1225 2439; baseline -0.004 -15"><span class='ocrx_word' id='word_1_159' title='bbox 209 2375 332 2439; x_wconf 80' lang='grc' dir='ltr'><strong><em>ἐμπειρίᾳ</em></strong></span> <span class='ocrx_word' id='word_1_160' title='bbox 349 2372 416 2422; x_wconf 90' lang='lat' dir='ltr'>dedi</span> <span class='ocrx_word' id='word_1_161' title='bbox 440 2374 509 2422; x_wconf 81' lang='lat' dir='ltr'>Tum</span> <span class='ocrx_word' id='word_1_162' title='bbox 525 2373 582 2421; x_wconf 89' lang='lat' dir='ltr'>Par.</span> <span class='ocrx_word' id='word_1_163' title='bbox 600 2372 630 2420; x_wconf 89' lang='lat' dir='ltr'>F.</span> <span class='ocrx_word' id='word_1_164' title='bbox 647 2368 732 2437; x_wconf 76' lang='grc' dir='ltr'><strong><em>μιήνῃ</em></strong></span> <span class='ocrx_word' id='word_1_165' title='bbox 758 2387 820 2421; x_wconf 87' lang='lat' dir='ltr'>casu</span> <span class='ocrx_word' id='word_1_166' title='bbox 843 2371 937 2421; x_wconf 84' lang='lat' dir='ltr'>dativo.</span> <span class='ocrx_word' id='word_1_167' title='bbox 963 2370 1050 2420; x_wconf 80' lang='lat' dir='ltr'>Clark.</span> <span class='ocrx_word' id='word_1_168' title='bbox 1068 2372 1128 2421; x_wconf 88' lang='lat' dir='ltr'>Vat.</span> <span class='ocrx_word' id='word_1_169' title='bbox 1146 2371 1225 2420; x_wconf 92' lang='lat' dir='ltr'>Coisl.</span> 
     </span>
     <span class='ocr_line' id='line_1_21' title="bbox 209 2392 1057 2524; baseline -0.006 -31"><span class='ocrx_word' id='word_1_170' title='bbox 209 2444 276 2493; x_wconf 88' lang='lat' dir='ltr'>Ven.</span> <span class='ocrx_word' id='word_1_171' title='bbox 288 2392 328 2491; x_wconf 64' lang='grc' dir='ltr'>ρΣ,</span> <span class='ocrx_word' id='word_1_172' title='bbox 346 2441 392 2490; x_wconf 91' lang='lat' dir='ltr'>alii</span> <span class='ocrx_word' id='word_1_173' title='bbox 408 2440 515 2524; x_wconf 88' lang='lat' dir='ltr'>plurimi</span> <span class='ocrx_word' id='word_1_174' title='bbox 532 2436 643 2521; x_wconf 86' lang='grc' dir='ltr'><strong><em>μνήμην</em></strong></span> <span class='ocrx_word' id='word_1_175' title='bbox 661 2439 691 2487; x_wconf 90' lang='lat' dir='ltr'>Id</span> <span class='ocrx_word' id='word_1_176' title='bbox 708 2455 754 2505; x_wconf 88' lang='lat' dir='ltr'>pro</span> <span class='ocrx_word' id='word_1_177' title='bbox 772 2440 844 2524; x_wconf 85' lang='lat' dir='ltr'>vulg</span> <span class='ocrx_word' id='word_1_178' title='bbox 861 2437 947 2521; x_wconf 82' lang='grc' dir='ltr'><strong><em>μιήμη</em></strong></span> <span class='ocrx_word' id='word_1_179' title='bbox 964 2440 1057 2504; x_wconf 82' lang='lat' dir='ltr'>recepi.</span> 
     </span>
    </p>

    <p class='ocr_par' dir='ltr' id='par_1_6' title="bbox 261 2503 1225 2574">
     <span class='ocr_line' id='line_1_22' title="bbox 261 2503 1225 2574; baseline -0.005 -14"><span class='ocrx_word' id='word_1_180' title='bbox 261 2512 291 2560; x_wconf 93' lang='lat' dir='ltr'>B.</span> <span class='ocrx_word' id='word_1_181' title='bbox 318 2513 392 2558; x_wconf 86' lang='grc' dir='ltr'><strong><em>τίνα</em></strong></span> <span class='ocrx_word' id='word_1_182' title='bbox 415 2505 452 2557; x_wconf 78' lang='grc' dir='ltr'>ἂν</span> <span class='ocrx_word' id='word_1_183' title='bbox 474 2503 555 2572; x_wconf 85' lang='grc' dir='ltr'><strong><em>αντῇ</em></strong></span> <span class='ocrx_word' id='word_1_184' title='bbox 579 2504 714 2574; x_wconf 85' lang='grc' dir='ltr'><strong><em>τρόπον]</em></strong></span> <span class='ocrx_word' id='word_1_185' title='bbox 750 2508 782 2559; x_wconf 94' lang='lat' dir='ltr'>V</span> <span class='ocrx_word' id='word_1_186' title='bbox 807 2504 887 2573; x_wconf 78' lang='grc' dir='ltr'><strong><em>αὐτή,</em></strong></span> <span class='ocrx_word' id='word_1_187' title='bbox 913 2508 981 2571; x_wconf 91' lang='lat' dir='ltr'>quod</span> <span class='ocrx_word' id='word_1_188' title='bbox 1005 2525 1038 2557; x_wconf 84' lang='lat' dir='ltr'>ex</span> <span class='ocrx_word' id='word_1_189' title='bbox 1062 2506 1149 2555; x_wconf 86' lang='lat' dir='ltr'>Clark</span> <span class='ocrx_word' id='word_1_190' title='bbox 1166 2507 1225 2556; x_wconf 88' lang='lat' dir='ltr'>Vat.</span> 
     </span>
    </p>
   </div>
   <div class='ocr_carea' id='block_1_5' title="bbox 208 2658 692 2746">
    <p class='ocr_par' dir='ltr' id='par_1_7' title="bbox 208 2658 692 2746">
     <span class='ocr_line' id='line_1_23' title="bbox 208 2658 692 2746; baseline -0.014 -32"><span class='ocrx_word' id='word_1_191' title='bbox 208 2661 263 2730; x_wconf 89' lang='grc' dir='ltr'>κή]</span> <span class='ocrx_word' id='word_1_192' title='bbox 299 2658 403 2727; x_wconf 67' lang='lat' dir='ltr'>Poste}</span> <span class='ocrx_word' id='word_1_193' title='bbox 428 2659 473 2721; x_wconf 85' lang='grc' dir='ltr'><strong><em>μέν</em></strong></span> <span class='ocrx_word' id='word_1_194' title='bbox 481 2659 692 2746; x_wconf 80' lang='lat' dir='ltr'>perspicuitatis</span> 
     </span>
    </p>
   </div>
   <div class='ocr_carea' id='block_1_6' title="bbox 208 2726 692 2792">
    <p class='ocr_par' dir='ltr' id='par_1_8' title="bbox 208 2726 692 2792">
     <span class='ocr_line' id='line_1_24' title="bbox 208 2726 692 2792; baseline -0.013 -10"><span class='ocrx_word' id='word_1_195' title='bbox 208 2747 304 2782; x_wconf 82' lang='lat' dir='ltr'>caussa</span> <span class='ocrx_word' id='word_1_196' title='bbox 327 2730 410 2780; x_wconf 90' lang='lat' dir='ltr'>denuo</span> <span class='ocrx_word' id='word_1_197' title='bbox 429 2728 532 2778; x_wconf 83' lang='lat' dir='ltr'>additur</span> <span class='ocrx_word' id='word_1_198' title='bbox 549 2746 565 2792; x_wconf 89' lang='grc' dir='ltr'><em>η</em></span> <span class='ocrx_word' id='word_1_199' title='bbox 584 2726 692 2792; x_wconf 87' lang='grc' dir='ltr'><strong><em>ι’.ατρικη</em></strong></span> 
     </span>
    </p>
   </div>
   <div class='ocr_carea' id='block_1_7' title="bbox 207 2793 694 4494">
    <p class='ocr_par' dir='ltr' id='par_1_9' title="bbox 207 2793 694 4414">
     <span class='ocr_line' id='line_1_25' title="bbox 207 2793 692 2915; baseline -0.015 -65"><span class='ocrx_word' id='word_1_200' title='bbox 207 2817 233 2850; x_wconf 81' lang='grc' dir='ltr'>τ.</span> <span class='ocrx_word' id='word_1_201' title='bbox 252 2796 414 2915; x_wconf 58' lang='lat' dir='ltr'>pallii..43E</span> <span class='ocrx_word' id='word_1_202' title='bbox 405 2798 486 2862; x_wconf 86' lang='lat' dir='ltr'>Legg.</span> <span class='ocrx_word' id='word_1_203' title='bbox 496 2797 575 2860; x_wconf 84' lang='lat' dir='ltr'>XLp</span> <span class='ocrx_word' id='word_1_204' title='bbox 578 2793 651 2846; x_wconf 87' lang='grc'><strong>,931.</strong></span> <span class='ocrx_word' id='word_1_205' title='bbox 660 2796 692 2844; x_wconf 92' lang='lat' dir='ltr'>A.</span> 
     </span>
     <span class='ocr_line' id='line_1_26' title="bbox 209 2859 693 2931; baseline -0.015 -13"><span class='ocrx_word' id='word_1_206' title='bbox 209 2866 358 2931; x_wconf 86' lang='lat' dir='ltr'>Cratyl.p.</span> <span class='ocrx_word' id='word_1_207' title='bbox 379 2862 439 2915; x_wconf 56' lang='lat'>4321</span> <span class='ocrx_word' id='word_1_208' title='bbox 457 2867 487 2914; x_wconf 90' lang='lat' dir='ltr'>B.</span> <span class='ocrx_word' id='word_1_209' title='bbox 510 2865 612 2928; x_wconf 87' lang='lat' dir='ltr'>Protag.</span> <span class='ocrx_word' id='word_1_210' title='bbox 635 2859 693 2912; x_wconf 78' lang='lat'>323.</span> 
     </span>
     <span class='ocr_line' id='line_1_27' title="bbox 207 2880 693 2996; baseline -0.015 -9"><span class='ocrx_word' id='word_1_211' title='bbox 207 2882 350 2987; x_wconf 73' lang='lat' dir='ltr'>B.351.Ap.</span> <span class='ocrx_word' id='word_1_212' title='bbox 368 2935 488 2996; x_wconf 90' lang='lat' dir='ltr'>DeRep.</span> <span class='ocrx_word' id='word_1_213' title='bbox 504 2933 537 2981; x_wconf 88' lang='lat' dir='ltr'>X.</span> <span class='ocrx_word' id='word_1_214' title='bbox 553 2948 578 2996; x_wconf 91' lang='lat' dir='ltr'>p.</span> <span class='ocrx_word' id='word_1_215' title='bbox 588 2880 693 2982; x_wconf 83' lang='lat' dir='ltr'>604..D</span> 
     </span>
     <span class='ocr_line' id='line_1_28' title="bbox 208 2998 693 3065; baseline -0.016 -11"><span class='ocrx_word' id='word_1_216' title='bbox 208 3005 273 3054; x_wconf 85' lang='lat' dir='ltr'>Alia</span> <span class='ocrx_word' id='word_1_217' title='bbox 307 3001 426 3065; x_wconf 86' lang='lat' dir='ltr'>exempla</span> <span class='ocrx_word' id='word_1_218' title='bbox 458 3000 536 3050; x_wconf 92' lang='lat' dir='ltr'>huius</span> <span class='ocrx_word' id='word_1_219' title='bbox 569 2998 693 3063; x_wconf 91' lang='lat' dir='ltr'>loquendi</span> 
     </span>
     <span class='ocr_line' id='line_1_29' title="bbox 209 3065 694 3134; baseline -0.016 -12"><span class='ocrx_word' id='word_1_220' title='bbox 209 3073 311 3122; x_wconf 87' lang='lat' dir='ltr'>formae</span> <span class='ocrx_word' id='word_1_221' title='bbox 334 3069 441 3134; x_wconf 79' lang='lat' dir='ltr'>collegit</span> <span class='ocrx_word' id='word_1_222' title='bbox 463 3067 633 3118; x_wconf 82' lang='lat' dir='ltr'>Heindorf.</span> <span class='ocrx_word' id='word_1_223' title='bbox 661 3065 694 3115; x_wconf 89' lang='lat' dir='ltr'>ad</span> 
     </span>
     <span class='ocr_line' id='line_1_30' title="bbox 208 3134 692 3198; baseline -0.013 -9"><span class='ocrx_word' id='word_1_224' title='bbox 208 3140 234 3190; x_wconf 92' lang='lat' dir='ltr'>h.</span> <span class='ocrx_word' id='word_1_225' title='bbox 254 3139 272 3188; x_wconf 98' lang='lat' dir='ltr'>l.</span> <span class='ocrx_word' id='word_1_226' title='bbox 291 3138 335 3188; x_wconf 84' lang='lat' dir='ltr'>cfr.</span> <span class='ocrx_word' id='word_1_227' title='bbox 354 3137 466 3187; x_wconf 88' lang='lat' dir='ltr'>Matth.</span> <span class='ocrx_word' id='word_1_228' title='bbox 486 3137 599 3185; x_wconf 84' lang='lat' dir='ltr'>Gramm.</span> <span class='ocrx_word' id='word_1_229' title='bbox 616 3134 692 3198; x_wconf 90' lang='lat' dir='ltr'>ampl.</span> 
     </span>
     <span class='ocr_line' id='line_1_31' title="bbox 208 3201 693 3273; baseline -0.015 -15"><span class='ocrx_word' id='word_1_230' title='bbox 208 3201 693 3273; x_wconf 74' lang='lat' dir='ltr'>p580T.11=§2881npr0-</span> 
     </span>
     <span class='ocr_line' id='line_1_32' title="bbox 208 3271 693 3325; baseline -0.015 0"><span class='ocrx_word' id='word_1_231' title='bbox 208 3277 290 3325; x_wconf 79' lang='lat' dir='ltr'>ximis</span> <span class='ocrx_word' id='word_1_232' title='bbox 308 3271 483 3323; x_wconf 83' lang='lat' dir='ltr'>anacoluthon</span> <span class='ocrx_word' id='word_1_233' title='bbox 500 3271 611 3322; x_wconf 87' lang='lat' dir='ltr'>notabis.</span> <span class='ocrx_word' id='word_1_234' title='bbox 634 3271 693 3319; x_wconf 82' lang='lat' dir='ltr'>Ete-</span> 
     </span>
     <span class='ocr_line' id='line_1_33' title="bbox 208 3334 692 3406; baseline -0.015 -13"><span class='ocrx_word' id='word_1_235' title='bbox 208 3346 266 3393; x_wconf 92' lang='lat' dir='ltr'>nim</span> <span class='ocrx_word' id='word_1_236' title='bbox 291 3337 409 3391; x_wconf 85' lang='lat' dir='ltr'>verba‘</span> <span class='ocrx_word' id='word_1_237' title='bbox 395 3360 410 3406; x_wconf 89' lang='grc' dir='ltr'><em>η</em></span> <span class='ocrx_word' id='word_1_238' title='bbox 433 3335 455 3388; x_wconf 83' lang='grc' dir='ltr'>δ’</span> <span class='ocrx_word' id='word_1_239' title='bbox 474 3336 552 3403; x_wconf 76' lang='grc' dir='ltr'><strong><em>ἑτέρα</em></strong></span> <span class='ocrx_word' id='word_1_240' title='bbox 570 3345 613 3404; x_wconf 77' lang='grc' dir='ltr'><strong><em>τῆς</em></strong></span> <span class='ocrx_word' id='word_1_241' title='bbox 631 3334 692 3403; x_wconf 81' lang='grc' dir='ltr'><strong><em>ἡδο-</em></strong></span> 
     </span>
     <span class='ocr_line' id='line_1_34' title="bbox 211 3410 692 3477; baseline -0.011 -18"><span class='ocrx_word' id='word_1_242' title='bbox 211 3416 260 3477; x_wconf 77' lang='grc' dir='ltr'><strong><em>τῆς</em></strong></span> <span class='ocrx_word' id='word_1_243' title='bbox 283 3410 442 3459; x_wconf 83' lang='lat' dir='ltr'>conformata</span> <span class='ocrx_word' id='word_1_244' title='bbox 470 3415 542 3469; x_wconf 88' lang='lat' dir='ltr'>sunt,</span> <span class='ocrx_word' id='word_1_245' title='bbox 572 3415 601 3456; x_wconf 89' lang='lat' dir='ltr'>ut</span> <span class='ocrx_word' id='word_1_246' title='bbox 623 3411 692 3455; x_wconf 87' lang='lat' dir='ltr'>recte</span> 
     </span>
     <span class='ocr_line' id='line_1_35' title="bbox 209 3452 694 3557; baseline -0.01 -28"><span class='ocrx_word' id='word_1_247' title='bbox 209 3452 487 3545; x_wconf 80' lang='lat' dir='ltr'>arbitraturAstius‚</span> <span class='ocrx_word' id='word_1_248' title='bbox 499 3475 532 3526; x_wconf 87' lang='lat' dir='ltr'>ad</span> <span class='ocrx_word' id='word_1_249' title='bbox 543 3489 694 3557; x_wconf 86' lang='lat' dir='ltr'>praegressa</span> 
     </span>
     <span class='ocr_line' id='line_1_36' title="bbox 209 3540 692 3629; baseline -0.012 -34"><span class='ocrx_word' id='word_1_250' title='bbox 209 3567 235 3629; x_wconf 86' lang='grc' dir='ltr'><em>η</em></span> <span class='ocrx_word' id='word_1_251' title='bbox 245 3547 293 3607; x_wconf 80' lang='grc' dir='ltr'>μεν</span> <span class='ocrx_word' id='word_1_252' title='bbox 312 3542 402 3594; x_wconf 75' lang='grc' dir='ltr'><strong><em>τούτου</em></strong></span> <span class='ocrx_word' id='word_1_253' title='bbox 426 3561 458 3592; x_wconf 92' lang='grc' dir='ltr'>ον</span> <span class='ocrx_word' id='word_1_254' title='bbox 481 3540 625 3625; x_wconf 72' lang='grc' dir='ltr'><strong><em>θεραπεύει</em></strong></span> <span class='ocrx_word' id='word_1_255' title='bbox 650 3541 692 3591; x_wconf 83' lang='grc' dir='ltr'><strong><em>καὶ</em></strong></span> 
     </span>
     <span class='ocr_line' id='line_1_37' title="bbox 209 3607 692 3694; baseline -0.015 -29"><span class='ocrx_word' id='word_1_256' title='bbox 209 3612 259 3681; x_wconf 84' lang='grc' dir='ltr'>τήν</span> <span class='ocrx_word' id='word_1_257' title='bbox 277 3629 360 3676; x_wconf 85' lang='grc' dir='ltr'><strong><em>φνσιν</em></strong></span> <span class='ocrx_word' id='word_1_258' title='bbox 384 3613 501 3661; x_wconf 73' lang='grc' dir='ltr'><strong><em>ἔσκεπται</em></strong></span> <span class='ocrx_word' id='word_1_259' title='bbox 523 3612 565 3661; x_wconf 83' lang='grc' dir='ltr'><strong><em>καί</em></strong></span> <span class='ocrx_word' id='word_1_260' title='bbox 588 3607 674 3694; x_wconf 84' lang='grc' dir='ltr'>τήν</span> <span class='ocrx_word' id='word_1_261' title='bbox 652 3609 692 3659; x_wconf 85' lang='lat' dir='ltr'>al-</span> 
     </span>
     <span class='ocr_line' id='line_1_38' title="bbox 209 3675 693 3761; baseline -0.012 -29"><span class='ocrx_word' id='word_1_262' title='bbox 209 3689 281 3739; x_wconf 77' lang='grc' dir='ltr'><strong><em>τίαν,</em></strong></span> <span class='ocrx_word' id='word_1_263' title='bbox 308 3681 386 3731; x_wconf 90' lang='lat' dir='ltr'>sed</span> <span class='ocrx_word' id='word_1_264' title='bbox 378 3687 433 3730; x_wconf 85' lang='lat' dir='ltr'>mte</span> <span class='ocrx_word' id='word_1_265' title='bbox 419 3680 538 3744; x_wconf 85' lang='lat' dir='ltr'>erpositis</span> <span class='ocrx_word' id='word_1_266' title='bbox 568 3696 635 3761; x_wconf 68' lang='lat' dir='ltr'>apos</span> <span class='ocrx_word' id='word_1_267' title='bbox 659 3675 693 3744; x_wconf 83' lang='grc' dir='ltr'>ἣν</span> 
     </span>
     <span class='ocr_line' id='line_1_39' title="bbox 210 3743 693 3816; baseline -0.012 -16"><span class='ocrx_word' id='word_1_268' title='bbox 210 3747 226 3816; x_wconf 84' lang='grc' dir='ltr'><em>ἡ</em></span> <span class='ocrx_word' id='word_1_269' title='bbox 253 3751 386 3812; x_wconf 77' lang='grc' dir='ltr'><strong><em>θεραπεία</em></strong></span> <span class='ocrx_word' id='word_1_270' title='bbox 413 3745 478 3812; x_wconf 82' lang='grc' dir='ltr'><strong><em>αὐτῇ</em></strong></span> <span class='ocrx_word' id='word_1_271' title='bbox 507 3746 578 3797; x_wconf 81' lang='grc' dir='ltr'><strong><em>ἐστιν</em></strong></span> <span class='ocrx_word' id='word_1_272' title='bbox 605 3743 693 3795; x_wconf 77' lang='grc' dir='ltr'><strong><em>ἅπασα</em></strong></span> 
     </span>
     <span class='ocr_line' id='line_1_40' title="bbox 209 3815 692 3878; baseline -0.012 -10"><span class='ocrx_word' id='word_1_273' title='bbox 209 3824 312 3868; x_wconf 85' lang='lat' dir='ltr'>mutata</span> <span class='ocrx_word' id='word_1_274' title='bbox 340 3822 380 3867; x_wconf 89' lang='lat' dir='ltr'>est</span> <span class='ocrx_word' id='word_1_275' title='bbox 407 3815 565 3866; x_wconf 81' lang='lat' dir='ltr'>constructio</span> <span class='ocrx_word' id='word_1_276' title='bbox 593 3821 619 3865; x_wconf 85' lang='lat' dir='ltr'>et</span> <span class='ocrx_word' id='word_1_277' title='bbox 646 3829 692 3878; x_wconf 92' lang='lat' dir='ltr'>pro</span> 
     </span>
     <span class='ocr_line' id='line_1_41' title="bbox 209 3879 693 3967; baseline -0.012 -31"><span class='ocrx_word' id='word_1_278' title='bbox 209 3904 270 3967; x_wconf 80' lang='grc' dir='ltr'><strong><em>ορτε</em></strong></span> <span class='ocrx_word' id='word_1_279' title='bbox 297 3882 344 3951; x_wconf 88' lang='grc' dir='ltr'>τήν</span> <span class='ocrx_word' id='word_1_280' title='bbox 373 3881 456 3946; x_wconf 81' lang='grc' dir='ltr'><strong><em>φύσιν</em></strong></span> <span class='ocrx_word' id='word_1_281' title='bbox 485 3885 605 3932; x_wconf 71' lang='grc' dir='ltr'><strong><em>ἔσκεπται</em></strong></span> <span class='ocrx_word' id='word_1_282' title='bbox 633 3879 693 3931; x_wconf 79' lang='grc' dir='ltr'><strong><em>οὔτε</em></strong></span> 
     </span>
     <span class='ocr_line' id='line_1_42' title="bbox 210 3947 694 4038; baseline -0.014 -33"><span class='ocrx_word' id='word_1_283' title='bbox 210 3953 258 4038; x_wconf 82' lang='grc' dir='ltr'>τὴν</span> <span class='ocrx_word' id='word_1_284' title='bbox 288 3952 376 4003; x_wconf 87' lang='grc' dir='ltr'><strong><em>αίτιαν</em></strong></span> <span class='ocrx_word' id='word_1_285' title='bbox 397 3953 511 4035; x_wconf 70' lang='lat' dir='ltr'>positum</span> <span class='ocrx_word' id='word_1_286' title='bbox 534 3957 574 4001; x_wconf 89' lang='lat' dir='ltr'>est</span> <span class='ocrx_word' id='word_1_287' title='bbox 601 3947 694 4015; x_wconf 84' lang='grc' dir='ltr'><strong><em>κομιδῇ</em></strong></span> 
     </span>
     <span class='ocr_line' id='line_1_43' title="bbox 209 4017 693 4101; baseline -0.013 -29"><span class='ocrx_word' id='word_1_288' title='bbox 209 4019 323 4086; x_wconf 76' lang='grc' dir='ltr'><strong><em>ἀτέχνως</em></strong></span> <span class='ocrx_word' id='word_1_289' title='bbox 343 4017 381 4069; x_wconf 78' lang='grc' dir='ltr'>ἐπ’</span> <span class='ocrx_word' id='word_1_290' title='bbox 400 4017 484 4085; x_wconf 79' lang='grc' dir='ltr'><strong><em>αὐτὴν</em></strong></span> <span class='ocrx_word' id='word_1_291' title='bbox 501 4020 616 4101; x_wconf 75' lang='grc' dir='ltr'><strong><em>ἔρχεται,</em></strong></span> <span class='ocrx_word' id='word_1_292' title='bbox 629 4018 693 4079; x_wconf 90' lang='lat' dir='ltr'>illis,</span> 
     </span>
     <span class='ocr_line' id='line_1_44' title="bbox 210 4088 693 4173; baseline -0.012 -33"><span class='ocrx_word' id='word_1_293' title='bbox 210 4107 277 4173; x_wconf 89' lang='lat' dir='ltr'>quae</span> <span class='ocrx_word' id='word_1_294' title='bbox 300 4088 436 4138; x_wconf 83' lang='lat' dir='ltr'>inferenda</span> <span class='ocrx_word' id='word_1_295' title='bbox 466 4093 554 4138; x_wconf 87' lang='lat' dir='ltr'>erant.</span> <span class='ocrx_word' id='word_1_296' title='bbox 584 4104 644 4136; x_wconf 90' lang='grc' dir='ltr'><strong><em>οντε</em></strong></span> <span class='ocrx_word' id='word_1_297' title='bbox 672 4104 693 4134; x_wconf 88' lang='grc' dir='ltr'>τι</span> 
     </span>
     <span class='ocr_line' id='line_1_45' title="bbox 209 4154 693 4224; baseline -0.008 -17"><span class='ocrx_word' id='word_1_298' title='bbox 209 4155 257 4224; x_wconf 83' lang='grc' dir='ltr'>τήν</span> <span class='ocrx_word' id='word_1_299' title='bbox 285 4154 370 4220; x_wconf 78' lang='grc' dir='ltr'><strong><em>φύσιν</em></strong></span> <span class='ocrx_word' id='word_1_300' title='bbox 392 4158 457 4214; x_wconf 66' lang='lat' dir='ltr'>nri,</span> <span class='ocrx_word' id='word_1_301' title='bbox 486 4155 538 4205; x_wconf 87' lang='lat' dir='ltr'>alia</span> <span class='ocrx_word' id='word_1_302' title='bbox 569 4160 624 4204; x_wconf 87' lang='lat' dir='ltr'>ora</span> <span class='ocrx_word' id='word_1_303' title='bbox 625 4170 693 4204; x_wconf 83' lang='lat' dir='ltr'>roms</span> 
     </span>
     <span class='ocr_line' id='line_1_46' title="bbox 208 4219 692 4306; baseline -0.013 -30"><span class='ocrx_word' id='word_1_304' title='bbox 208 4227 293 4276; x_wconf 83' lang='lat' dir='ltr'>forma</span> <span class='ocrx_word' id='word_1_305' title='bbox 310 4224 446 4276; x_wconf 88' lang='lat' dir='ltr'>subiectis:</span> <span class='ocrx_word' id='word_1_306' title='bbox 467 4221 622 4306; x_wconf 76' lang='grc' dir='ltr'><strong><em>οὕτε-τήν</em></strong></span> <span class='ocrx_word' id='word_1_307' title='bbox 642 4219 692 4284; x_wconf 79' lang='grc' dir='ltr'>φή-</span> 
     </span>
     <span class='ocr_line' id='line_1_47' title="bbox 211 4287 692 4357; baseline -0.015 -12"><span class='ocrx_word' id='word_1_308' title='bbox 211 4310 254 4344; x_wconf 83' lang='grc' dir='ltr'><strong><em>σιν</em></strong></span> <span class='ocrx_word' id='word_1_309' title='bbox 279 4291 480 4357; x_wconf 81' lang='grc' dir='ltr'><strong><em>σκεψαμενη-</em></strong></span> <span class='ocrx_word' id='word_1_310' title='bbox 497 4287 556 4341; x_wconf 82' lang='grc' dir='ltr'><strong><em>οὔτε</em></strong></span> <span class='ocrx_word' id='word_1_311' title='bbox 580 4288 627 4357; x_wconf 86' lang='grc' dir='ltr'>τήν</span> <span class='ocrx_word' id='word_1_312' title='bbox 651 4289 692 4338; x_wconf 85' lang='lat' dir='ltr'>al·</span> 
     </span>
     <span class='ocr_line' id='line_1_48' title="bbox 210 4367 275 4414; baseline -0.046 0"><span class='ocrx_word' id='word_1_313' title='bbox 210 4367 275 4414; x_wconf 82' lang='grc' dir='ltr'><strong><em>τίαν.</em></strong></span> 
     </span>
    </p>

    <p class='ocr_par' dir='ltr' id='par_1_10' title="bbox 242 4421 693 4494">
     <span class='ocr_line' id='line_1_49' title="bbox 242 4421 693 4494; baseline -0.016 -13"><span class='ocrx_word' id='word_1_314' title='bbox 242 4428 364 4494; x_wconf 84' lang='grc' dir='ltr'><strong><em>κομιδῇ</em></strong></span> <span class='ocrx_word' id='word_1_315' title='bbox 386 4425 528 4491; x_wconf 75' lang='grc' dir='ltr'><strong><em>ἀτέχνως</em></strong></span> <span class='ocrx_word' id='word_1_316' title='bbox 548 4423 596 4477; x_wconf 77' lang='grc' dir='ltr'>ἐπ’</span> <span class='ocrx_word' id='word_1_317' title='bbox 616 4421 693 4491; x_wconf 77' lang='grc' dir='ltr'><strong><em>αὐτ]</em></strong></span> 
     </span>
    </p>
   </div>
   <div class='ocr_carea' id='block_1_8' title="bbox 743 2656 1226 3065">
    <p class='ocr_par' dir='ltr' id='par_1_11' title="bbox 743 2656 1226 2846">
     <span class='ocr_line' id='line_1_50' title="bbox 743 2656 1225 2724; baseline -0.002 -16"><span class='ocrx_word' id='word_1_318' title='bbox 743 2661 824 2708; x_wconf 87' lang='lat' dir='ltr'>Recte</span> <span class='ocrx_word' id='word_1_319' title='bbox 841 2659 940 2722; x_wconf 84' lang='lat' dir='ltr'>aliquot</span> <span class='ocrx_word' id='word_1_320' title='bbox 961 2656 1066 2709; x_wconf 90' lang='lat' dir='ltr'>codd.&#39;</span> <span class='ocrx_word' id='word_1_321' title='bbox 1052 2658 1161 2722; x_wconf 78' lang='grc' dir='ltr'><strong><em>ατέχνιοε</em></strong></span> <span class='ocrx_word' id='word_1_322' title='bbox 1178 2673 1225 2724; x_wconf 89' lang='lat' dir='ltr'>pro</span> 
     </span>
     <span class='ocr_line' id='line_1_51' title="bbox 743 2723 1226 2792; baseline 0.002 -17"><span class='ocrx_word' id='word_1_323' title='bbox 743 2727 814 2792; x_wconf 86' lang='lat' dir='ltr'>vulg.</span> <span class='ocrx_word' id='word_1_324' title='bbox 841 2723 960 2790; x_wconf 71' lang='grc' dir='ltr'><strong><em>ἀτεχνῶς.</em></strong></span> <span class='ocrx_word' id='word_1_325' title='bbox 1006 2728 1046 2777; x_wconf 91' lang='lat' dir='ltr'>De</span> <span class='ocrx_word' id='word_1_326' title='bbox 1076 2727 1226 2777; x_wconf 84' lang='lat' dir='ltr'>discrimine</span> 
     </span>
     <span class='ocr_line' id='line_1_52' title="bbox 744 2796 1226 2846; baseline 0.004 -3"><span class='ocrx_word' id='word_1_327' title='bbox 744 2796 835 2843; x_wconf 89' lang='lat' dir='ltr'>harum</span> <span class='ocrx_word' id='word_1_328' title='bbox 858 2810 950 2845; x_wconf 86' lang='lat' dir='ltr'>vocum</span> <span class='ocrx_word' id='word_1_329' title='bbox 969 2796 1021 2845; x_wconf 87' lang='lat' dir='ltr'>vid.</span> <span class='ocrx_word' id='word_1_330' title='bbox 1040 2796 1150 2846; x_wconf 83' lang='lat' dir='ltr'>Schol.</span> <span class='ocrx_word' id='word_1_331' title='bbox 1168 2796 1226 2845; x_wconf 83' lang='lat' dir='ltr'>Ari-</span> 
     </span>
    </p>

    <p class='ocr_par' dir='ltr' id='par_1_12' title="bbox 744 2862 1226 3065">
     <span class='ocr_line' id='line_1_53' title="bbox 745 2862 1226 2982; baseline 0.004 -4.105"><span class='ocrx_word' id='word_1_332' title='bbox 745 2864 894 2980; x_wconf 58' lang='lat' dir='ltr'>st&#39;lili</span> <span class='ocrx_word' id='word_1_333' title='bbox 886 2880 914 2912; x_wconf 86' lang='lat'>¹¹¹</span> <span class='ocrx_word' id='word_1_334' title='bbox 937 2863 1006 2982; x_wconf 70' lang='lat' dir='ltr'>Pili</span> <span class='ocrx_word' id='word_1_335' title='bbox 1028 2862 1226 2981; x_wconf 58' lang='lat' dir='ltr'>{illlis</span> 
     </span>
     <span class='ocr_line' id='line_1_54' title="bbox 744 2947 1226 3065; baseline 0.004 -17"><span class='ocrx_word' id='word_1_336' title='bbox 744 2947 790 3048; x_wconf 51' lang='grc' dir='ltr'>ἓξ</span> <span class='ocrx_word' id='word_1_337' title='bbox 797 2947 970 3052; x_wconf 43' lang='lat' dir='ltr'>Voo.&#39;Dill&#39;er.</span> <span class='ocrx_word' id='word_1_338' title='bbox 986 2967 1011 3065; x_wconf 41' lang='lat' dir='ltr'>p..</span> <span class='ocrx_word' id='word_1_339' title='bbox 1020 2998 1061 3050; x_wconf 77' lang='lat'>26.</span> <span class='ocrx_word' id='word_1_340' title='bbox 1079 3000 1119 3050; x_wconf 89' lang='lat' dir='ltr'>ed.</span> <span class='ocrx_word' id='word_1_341' title='bbox 1131 3000 1226 3050; x_wconf 88' lang='lat' dir='ltr'>Valck.</span> 
     </span>
    </p>
   </div>
   <div class='ocr_carea' id='block_1_9' title="bbox 743 3129 1226 4487">
    <p class='ocr_par' dir='ltr' id='par_1_13' title="bbox 743 3129 1226 4487">
     <span class='ocr_line' id='line_1_55' title="bbox 778 3129 1223 3199; baseline 0 -17"><span class='ocrx_word' id='word_1_342' title='bbox 778 3129 905 3199; x_wconf 76' lang='grc' dir='ltr'><em>ἀλόγως</em></span> <span class='ocrx_word' id='word_1_343' title='bbox 940 3152 971 3184; x_wconf 85' lang='grc' dir='ltr'>τε</span> <span class='ocrx_word' id='word_1_344' title='bbox 1004 3131 1223 3197; x_wconf 79' lang='grc' dir='ltr'><strong><em>παντάπασιν]</em></strong></span> 
     </span>
     <span class='ocr_line' id='line_1_56' title="bbox 744 3202 1226 3266; baseline 0.002 -16"><span class='ocrx_word' id='word_1_345' title='bbox 744 3202 830 3250; x_wconf 81' lang='lat' dir='ltr'>Tenui</span> <span class='ocrx_word' id='word_1_346' title='bbox 846 3218 918 3252; x_wconf 84' lang='lat' dir='ltr'>nune</span> <span class='ocrx_word' id='word_1_347' title='bbox 927 3202 1052 3252; x_wconf 85' lang='lat' dir='ltr'>librorum</span> <span class='ocrx_word' id='word_1_348' title='bbox 1063 3203 1226 3266; x_wconf 86' lang='lat' dir='ltr'>scripturam,</span> 
     </span>
     <span class='ocr_line' id='line_1_57' title="bbox 743 3268 1225 3320; baseline 0.002 -3"><span class='ocrx_word' id='word_1_349' title='bbox 743 3270 811 3319; x_wconf 89' lang='lat' dir='ltr'>mele</span> <span class='ocrx_word' id='word_1_350' title='bbox 822 3270 895 3320; x_wconf 91' lang='lat' dir='ltr'>illam</span> <span class='ocrx_word' id='word_1_351' title='bbox 910 3287 925 3320; x_wconf 95' lang='lat' dir='ltr'>a</span> <span class='ocrx_word' id='word_1_352' title='bbox 940 3270 1038 3319; x_wconf 90' lang='lat' dir='ltr'>criticis</span> <span class='ocrx_word' id='word_1_353' title='bbox 1051 3268 1225 3318; x_wconf 85' lang='lat' dir='ltr'>sollicitatam.</span> 
     </span>
     <span class='ocr_line' id='line_1_58' title="bbox 743 3337 1225 3403; baseline -0.006 -16"><span class='ocrx_word' id='word_1_354' title='bbox 743 3339 810 3387; x_wconf 89' lang='lat' dir='ltr'>Nam</span> <span class='ocrx_word' id='word_1_355' title='bbox 828 3340 958 3403; x_wconf 87' lang='lat' dir='ltr'>pertinent</span> <span class='ocrx_word' id='word_1_356' title='bbox 978 3338 1147 3387; x_wconf 89' lang='lat' dir='ltr'>haecomnia</span> <span class='ocrx_word' id='word_1_357' title='bbox 1164 3337 1225 3386; x_wconf 92' lang='lat' dir='ltr'>inde</span> 
     </span>
     <span class='ocr_line' id='line_1_59' title="bbox 744 3401 1223 3488; baseline -0.002 -34"><span class='ocrx_word' id='word_1_358' title='bbox 744 3405 776 3454; x_wconf 85' lang='lat' dir='ltr'>ab</span> <span class='ocrx_word' id='word_1_359' title='bbox 801 3423 862 3455; x_wconf 77' lang='lat' dir='ltr'>oete</span> <span class='ocrx_word' id='word_1_360' title='bbox 892 3425 913 3455; x_wconf 89' lang='grc' dir='ltr'>τι</span> <span class='ocrx_word' id='word_1_361' title='bbox 939 3405 985 3471; x_wconf 84' lang='grc' dir='ltr'>τὴν</span> <span class='ocrx_word' id='word_1_362' title='bbox 1010 3401 1137 3488; x_wconf 78' lang='grc' dir='ltr'><strong><em>φύρινκ.</em></strong></span> <span class='ocrx_word' id='word_1_363' title='bbox 1161 3423 1179 3452; x_wconf 88' lang='grc' dir='ltr'><strong><em>τ.</em></strong></span> <span class='ocrx_word' id='word_1_364' title='bbox 1203 3406 1223 3453; x_wconf 79' lang='lat' dir='ltr'>l.</span> 
     </span>
     <span class='ocr_line' id='line_1_60' title="bbox 744 3467 1223 3537; baseline -0.006 -14"><span class='ocrx_word' id='word_1_365' title='bbox 744 3473 776 3523; x_wconf 89' lang='lat' dir='ltr'>ad</span> <span class='ocrx_word' id='word_1_366' title='bbox 803 3475 883 3523; x_wconf 86' lang='lat' dir='ltr'>verba</span> <span class='ocrx_word' id='word_1_367' title='bbox 917 3474 1009 3537; x_wconf 81' lang='grc' dir='ltr'><strong><em>κομιδῇ</em></strong></span> <span class='ocrx_word' id='word_1_368' title='bbox 1045 3467 1157 3535; x_wconf 72' lang='grc' dir='ltr'><strong><em>ἀτέχνως</em></strong></span> <span class='ocrx_word' id='word_1_369' title='bbox 1183 3468 1223 3520; x_wconf 83' lang='grc' dir='ltr'>ἐπ’</span> 
     </span>
     <span class='ocr_line' id='line_1_61' title="bbox 745 3537 1224 3624; baseline -0.006 -34"><span class='ocrx_word' id='word_1_370' title='bbox 745 3537 828 3624; x_wconf 79' lang='grc' dir='ltr'><strong><em>αήτητ</em></strong></span> <span class='ocrx_word' id='word_1_371' title='bbox 845 3541 951 3604; x_wconf 80' lang='grc' dir='ltr'><strong><em>ἔρχεται</em></strong></span> <span class='ocrx_word' id='word_1_372' title='bbox 974 3538 1050 3602; x_wconf 85' lang='lat' dir='ltr'>Quod</span> <span class='ocrx_word' id='word_1_373' title='bbox 1062 3546 1149 3590; x_wconf 88' lang='lat' dir='ltr'>autem</span> <span class='ocrx_word' id='word_1_374' title='bbox 1165 3545 1224 3604; x_wconf 89' lang='lat' dir='ltr'>post</span> 
     </span>
     <span class='ocr_line' id='line_1_62' title="bbox 744 3604 1224 3658; baseline -0.004 -1"><span class='ocrx_word' id='word_1_375' title='bbox 744 3605 803 3658; x_wconf 83' lang='grc' dir='ltr'><strong><em>οὕτε</em></strong></span> <span class='ocrx_word' id='word_1_376' title='bbox 826 3608 936 3658; x_wconf 83' lang='lat' dir='ltr'>infertur</span> <span class='ocrx_word' id='word_1_377' title='bbox 959 3625 1042 3657; x_wconf 83' lang='grc' dir='ltr'>τε-</span> <span class='ocrx_word' id='word_1_378' title='bbox 1063 3604 1146 3658; x_wconf 77' lang='grc' dir='ltr'><strong><em>οὐδὲν</em></strong></span> <span class='ocrx_word' id='word_1_379' title='bbox 1169 3608 1224 3656; x_wconf 81' lang='grc' dir='ltr'><strong><em>δια·</em></strong></span> 
     </span>
     <span class='ocr_line' id='line_1_63' title="bbox 746 3674 1224 3739; baseline -0.002 -14"><span class='ocrx_word' id='word_1_380' title='bbox 746 3678 827 3739; x_wconf 66' lang='lat' dir='ltr'>einp„</span> <span class='ocrx_word' id='word_1_381' title='bbox 845 3675 872 3724; x_wconf 93' lang='lat' dir='ltr'>id</span> <span class='ocrx_word' id='word_1_382' title='bbox 887 3679 1016 3726; x_wconf 87' lang='lat' dir='ltr'>neminem</span> <span class='ocrx_word' id='word_1_383' title='bbox 1030 3677 1125 3726; x_wconf 88' lang='lat' dir='ltr'>morari</span> <span class='ocrx_word' id='word_1_384' title='bbox 1141 3674 1224 3725; x_wconf 89' lang='lat' dir='ltr'>debet.</span> 
     </span>
     <span class='ocr_line' id='line_1_64' title="bbox 743 3744 1225 3808; baseline -0.006 -14"><span class='ocrx_word' id='word_1_385' title='bbox 743 3745 810 3800; x_wconf 86' lang='lat' dir='ltr'>Nam</span> <span class='ocrx_word' id='word_1_386' title='bbox 824 3745 894 3793; x_wconf 92' lang='lat' dir='ltr'>hunc</span> <span class='ocrx_word' id='word_1_387' title='bbox 904 3760 980 3794; x_wconf 87' lang='lat' dir='ltr'>usum</span> <span class='ocrx_word' id='word_1_388' title='bbox 991 3744 1114 3808; x_wconf 87' lang='lat' dir='ltr'>loquendi</span> <span class='ocrx_word' id='word_1_389' title='bbox 1123 3760 1176 3793; x_wconf 91' lang='lat' dir='ltr'>non</span> <span class='ocrx_word' id='word_1_390' title='bbox 1187 3744 1225 3792; x_wconf 85' lang='lat' dir='ltr'>ita</span> 
     </span>
     <span class='ocr_line' id='line_1_65' title="bbox 743 3812 1224 3872; baseline -0.004 -11"><span class='ocrx_word' id='word_1_391' title='bbox 743 3827 830 3861; x_wconf 86' lang='lat' dir='ltr'>rarum</span> <span class='ocrx_word' id='word_1_392' title='bbox 861 3828 918 3862; x_wconf 90' lang='lat' dir='ltr'>esse</span> <span class='ocrx_word' id='word_1_393' title='bbox 951 3813 995 3862; x_wconf 88' lang='lat' dir='ltr'>vel</span> <span class='ocrx_word' id='word_1_394' title='bbox 1024 3827 1055 3860; x_wconf 92' lang='lat' dir='ltr'>ea</span> <span class='ocrx_word' id='word_1_395' title='bbox 1088 3812 1224 3872; x_wconf 86' lang='lat' dir='ltr'>docebunt,</span> 
     </span>
     <span class='ocr_line' id='line_1_66' title="bbox 743 3878 1224 3946; baseline 0 -18"><span class='ocrx_word' id='word_1_396' title='bbox 743 3895 810 3944; x_wconf 84' lang='lat' dir='ltr'>quae</span> <span class='ocrx_word' id='word_1_397' title='bbox 833 3896 916 3946; x_wconf 90' lang='lat' dir='ltr'>nuper</span> <span class='ocrx_word' id='word_1_398' title='bbox 939 3882 972 3930; x_wconf 90' lang='lat' dir='ltr'>ad</span> <span class='ocrx_word' id='word_1_399' title='bbox 995 3881 1062 3929; x_wconf 88' lang='lat' dir='ltr'>Tim.</span> <span class='ocrx_word' id='word_1_400' title='bbox 1085 3897 1110 3945; x_wconf 91' lang='lat' dir='ltr'>p.</span> <span class='ocrx_word' id='word_1_401' title='bbox 1134 3878 1173 3929; x_wconf 78' lang='lat'>71.</span> <span class='ocrx_word' id='word_1_402' title='bbox 1192 3880 1224 3928; x_wconf 90' lang='lat' dir='ltr'>A.</span> 
     </span>
     <span class='ocr_line' id='line_1_67' title="bbox 743 3947 1225 4013; baseline -0.002 -17"><span class='ocrx_word' id='word_1_403' title='bbox 743 3949 919 4013; x_wconf 88' lang='lat' dir='ltr'>exposuimus.</span> <span class='ocrx_word' id='word_1_404' title='bbox 970 3950 1061 4013; x_wconf 87' lang='lat' dir='ltr'>Itaque</span> <span class='ocrx_word' id='word_1_405' title='bbox 1095 3947 1225 3997; x_wconf 86' lang='lat' dir='ltr'>sententia</span> 
     </span>
     <span class='ocr_line' id='line_1_68' title="bbox 743 4015 1226 4066; baseline -0.006 -1"><span class='ocrx_word' id='word_1_406' title='bbox 743 4017 880 4066; x_wconf 88' lang='lat' dir='ltr'>verborum</span> <span class='ocrx_word' id='word_1_407' title='bbox 893 4018 957 4066; x_wconf 87' lang='lat' dir='ltr'>haec</span> <span class='ocrx_word' id='word_1_408' title='bbox 968 4021 1019 4066; x_wconf 90' lang='lat' dir='ltr'>est:</span> <span class='ocrx_word' id='word_1_409' title='bbox 1037 4015 1156 4065; x_wconf 87' lang='lat' dir='ltr'>Altera</span> <span class='ocrx_word' id='word_1_410' title='bbox 1173 4029 1226 4063; x_wconf 81' lang='lat' dir='ltr'>au·</span> 
     </span>
     <span class='ocr_line' id='line_1_69' title="bbox 743 4084 1225 4149; baseline -0.004 -16"><span class='ocrx_word' id='word_1_411' title='bbox 743 4090 804 4133; x_wconf 88' lang='lat' dir='ltr'>tem</span> <span class='ocrx_word' id='word_1_412' title='bbox 832 4084 871 4134; x_wconf 94' lang='lat' dir='ltr'>ad</span> <span class='ocrx_word' id='word_1_413' title='bbox 893 4085 1102 4149; x_wconf 86' lang='lat' dir='ltr'>voluptatem</span> <span class='ocrx_word' id='word_1_414' title='bbox 1131 4089 1225 4132; x_wconf 91' lang='lat' dir='ltr'>teme·</span> 
     </span>
     <span class='ocr_line' id='line_1_70' title="bbox 743 4152 1224 4211; baseline -0.004 -9"><span class='ocrx_word' id='word_1_415' title='bbox 743 4169 776 4201; x_wconf 89' lang='lat' dir='ltr'>re</span> <span class='ocrx_word' id='word_1_416' title='bbox 799 4152 933 4202; x_wconf 86' lang='lat' dir='ltr'>accedit</span> <span class='ocrx_word' id='word_1_417' title='bbox 956 4158 987 4200; x_wconf 86' lang='lat' dir='ltr'>et</span> <span class='ocrx_word' id='word_1_418' title='bbox 1010 4157 1078 4200; x_wconf 90' lang='lat' dir='ltr'>arte</span> <span class='ocrx_word' id='word_1_419' title='bbox 1102 4167 1224 4211; x_wconf 81' lang='lat' dir='ltr'>carens,</span> 
     </span>
     <span class='ocr_line' id='line_1_71' title="bbox 744 4221 1224 4284; baseline -0.004 -16"><span class='ocrx_word' id='word_1_420' title='bbox 744 4221 865 4284; x_wconf 88' lang='lat' dir='ltr'>quippe</span> <span class='ocrx_word' id='word_1_421' title='bbox 889 4234 983 4283; x_wconf 90' lang='lat' dir='ltr'>quum</span> <span class='ocrx_word' id='word_1_422' title='bbox 1005 4233 1111 4282; x_wconf 90' lang='lat' dir='ltr'>neque</span> <span class='ocrx_word' id='word_1_423' title='bbox 1134 4225 1224 4267; x_wconf 86' lang='lat' dir='ltr'>natu-</span> 
     </span>
     <span class='ocr_line' id='line_1_72' title="bbox 744 4287 1224 4351; baseline 0 -15"><span class='ocrx_word' id='word_1_424' title='bbox 744 4304 809 4337; x_wconf 87' lang='lat' dir='ltr'>ram</span> <span class='ocrx_word' id='word_1_425' title='bbox 836 4303 941 4351; x_wconf 87' lang='lat' dir='ltr'>neque</span> <span class='ocrx_word' id='word_1_426' title='bbox 970 4302 1119 4338; x_wconf 88' lang='lat' dir='ltr'>caussam</span> <span class='ocrx_word' id='word_1_427' title='bbox 1149 4287 1224 4346; x_wconf 83' lang='lat' dir='ltr'>eius</span> 
     </span>
     <span class='ocr_line' id='line_1_73' title="bbox 745 4355 1224 4406; baseline -0.004 0"><span class='ocrx_word' id='word_1_428' title='bbox 745 4356 1015 4406; x_wconf 84' lang='lat' dir='ltr'>consideraverit</span> <span class='ocrx_word' id='word_1_429' title='bbox 1041 4360 1071 4403; x_wconf 91' lang='lat' dir='ltr'>et</span> <span class='ocrx_word' id='word_1_430' title='bbox 1094 4355 1224 4404; x_wconf 90' lang='lat' dir='ltr'>omnino</span> 
     </span>
     <span class='ocr_line' id='line_1_74' title="bbox 744 4422 1224 4487; baseline -0.006 -12"><span class='ocrx_word' id='word_1_431' title='bbox 744 4424 816 4475; x_wconf 88' lang='lat' dir='ltr'>sine</span> <span class='ocrx_word' id='word_1_432' title='bbox 844 4425 974 4475; x_wconf 87' lang='lat' dir='ltr'>ratione</span> <span class='ocrx_word' id='word_1_433' title='bbox 1002 4422 1090 4472; x_wconf 90' lang='lat' dir='ltr'>nihil</span> <span class='ocrx_word' id='word_1_434' title='bbox 1112 4438 1224 4487; x_wconf 87' lang='lat' dir='ltr'>prope-</span> 
     </span>
    </p>
   </div>
   <div class='ocr_carea' id='block_1_10' title="bbox 969 4521 1022 4578">
    <p class='ocr_par' dir='ltr' id='par_1_14' title="bbox 969 4521 1022 4578">
     <span class='ocr_line' id='line_1_75' title="bbox 969 4521 1022 4578; baseline 0.075 -4"><span class='ocrx_word' id='word_1_435' title='bbox 969 4521 1022 4578; x_wconf 73' lang='lat'>17*</span> 
     </span>
    </p>
   </div>
   <div class='ocr_carea' id='block_1_11' title="bbox 0 0 1626 5259">
    <p class='ocr_par' dir='ltr' id='par_1_15' title="bbox 0 0 1626 5259">
     <span class='ocr_line' id='line_1_76' title="bbox 0 0 1626 5259; baseline 0 0"><span class='ocrx_word' id='word_1_436' title='bbox 0 0 1626 5259; x_wconf 95' lang='lat' dir='ltr'> </span> 
     </span>
    </p>
   </div>
  </div>
 </body>
</html>
