3242 5259
434 587 618 649 GORGIAS.
640 590 673 649 P.
698 592 767 647 523.
791 591 861 647 524.
884 589 930 647 ed.
952 588 995 648 st.
1171 590 1230 644 333

213 753 334 817 αὐτῶν.
355 749 462 816 ἔπειτα
479 751 625 832 γυμνοὺς
644 748 771 833 κριτέον
791 750 943 814 ἁπάντων
962 749 1101 814 τούτων·
1124 754 1231 813 τεθνε-
1253 770 1282 838 Ε

214 856 300 926 ωτας
311 850 375 932 γὰρ
396 851 446 914 δεῖ
462 851 638 929 κρίνεσθαι.
660 849 714 913 καὶ
730 849 788 912 τὸν
803 846 916 930 κριτὴν
931 848 981 911 δεῖ
994 846 1122 929 γυμνὸν
1138 840 1231 920 εἶναι,

193 953 399 1025 τεθνεῶτα,
424 949 505 1031 αὐτῇ
526 958 565 1030 τῇ
586 957 675 1030 ψυχῇ
704 944 806 1029 αὐτὴν
827 944 887 1028 την
906 945 1015 1028 ψυχὴν
1041 950 1232 1024 θεωροῦντα

216 1047 369 1128 ἐξαίφνης
378 1047 604 1120 άποθανόντος
616 1043 763 1121 ἑκάστου,
773 1044 892 1127 ἔρημον
900 1045 1031 1108 πάντων
1045 1047 1109 1107 τῶν
1120 1058 1231 1124 συγγε-

215 1149 284 1209 νῶν
304 1143 358 1209 καὶ
378 1146 594 1208 καταλιπόντα
615 1142 666 1207 ἐπὶ
687 1153 743 1226 της
762 1151 822 1224 γης
841 1143 947 1205 πάντα
967 1139 1164 1206 ἐκεῖνοντὸν
1178 1141 1231 1204 κό-

215 1257 319 1325 σμου,
344 1242 398 1306 ἵνα
419 1242 526 1305 δικαία
545 1241 567 1324 ἡ
587 1242 689 1321 κρίσις
708 1237 741 1322 ᾗ.
771 1239 834 1322 ἐγὼ
853 1238 912 1322 μὲν
932 1233 993 1304 οὖν
1012 1248 1113 1302 ταῦτα
1135 1237 1230 1321 ἔγνω·

214 1339 280 1415 κὼς
300 1342 456 1421 πρότερος
476 1339 496 1421 ἢ
524 1340 615 1421 ὑμεῖς
641 1336 840 1421 ἐποιησάμην
861 1337 1011 1411 δικαστὰς
1037 1337 1116 1412 υἱεῖς
1137 1335 1230 1418 ἐμαυ-

212 1449 292 1514 τοῦ,
314 1439 374 1502 δύο
395 1437 453 1521 μὲν
477 1437 512 1502 ἐκ
532 1447 588 1520 της
608 1437 728 1513 Ἀσίας,
749 1437 847 1500 Μίνω
868 1459 901 1500 τε
921 1435 975 1501 καὶ
990 1429 1230 1518 Ῥαδάμανθυν,

214 1536 272 1600 ἕνα
294 1536 329 1600 δὲ
359 1535 393 1601 ἐκ
420 1544 477 1617 τῆς
497 1537 677 1616 Εὐρώπης,
706 1534 839 1599 Αἰακόν.
870 1525 961 1598 οὗτοι
990 1528 1067 1610 οὖν,
1102 1531 1232 1597 ἐπειδὰν
1254 1558 1317 1622 524

211 1635 436 1717 τελευτήσωσι,
461 1634 650 1697 δικάσουσιν
671 1630 707 1697 ἐν
735 1636 779 1716 τῷ
807 1636 956 1714 λειμῶνι,
986 1629 1021 1696 ἐν
1042 1642 1081 1714 τῇ
1102 1632 1230 1714 τριόδῳ,

266 1883 354 1938 ὅπως
371 1882 410 1934 ἂν
428 1882 538 1950 παύση
557 1880 679 1950 αὐτων]
702 1884 734 1933 V.
753 1880 841 1949 παόση
859 1880 923 1933 αότό
941 1879 1038 1935 αότων.
1071 1886 1150 1935 Reate
1168 1880 1231 1935 αὐτό

212 1955 339 2005 omittunt
357 1953 444 2007 Clark
463 1954 520 2003 Vat
539 1952 618 2003 Ooisl.
636 1959 662 2002 et
678 1953 725 2002 alii
732 1952 855 2038 plurimi.
883 1953 959 2004 Unde
977 1959 1062 2002 ortum
1079 1955 1114 2003 sit
1129 1953 1231 2015 vitium,

212 2022 328 2073 ostendit
344 2023 401 2073 Par.
419 2022 463 2083 V,
487 2021 532 2071 ubi
550 2016 614 2071 αὐτὸ
631 2022 688 2071 sine
705 2017 793 2071 αὐτῶν
811 2021 934 2086 scriptum
952 2026 1037 2072 exstat
1060 2021 1111 2070 et
1102 2037 1130 2069 m
1148 2036 1231 2086 marg.

212 2091 311 2158 legitur
327 2107 368 2155 γρ.
387 2085 479 2139 αὐτων.

265 2226 297 2275 Ε.
315 2225 368 2274 καὶ
387 2222 623 2288 καταλιπόντα]
648 2224 689 2274 καλ
713 2238 771 2273 eum
788 2223 856 2273 Aldo
875 2229 901 2273 et
917 2223 975 2273 Par
993 2222 1022 2271 Ε.
1041 2221 1119 2272 Vind
1137 2221 1163 2273 6.
1180 2238 1230 2272 om.

215 2294 339 2359 Stephan.
374 2294 475 2342 Tuetnr
491 2292 558 2342 illud
576 2293 653 2341 etiam
670 2293 764 2341 Euseb.
800 2291 902 2341 Deinde
919 2289 1015 2340 Euseb.
1033 2297 1059 2340 et
1076 2290 1231 2341 Theodoret.

190 2365 192 2368 ’
216 2360 311 2428 ἐπλγῆ
313 2379 325 2413 s
343 2361 438 2410 omisso
455 2360 577 2422 articulo,
609 2360 727 2424 quodet
747 2359 832 2424 ipsum
856 2358 965 2425 probum
988 2365 1035 2410 est.
1053 2376 1077 2408 v.
1096 2358 1231 2410 Heindorf.

216 2429 293 2480 sdh.
310 2429 326 2480 l
347 2435 373 2479 et
390 2427 500 2478 Dorvill.
518 2428 551 2479 ad
569 2428 666 2478 Chsrit.
684 2443 709 2492 p.
726 2425 785 2479 106.

212 2648 396 2700 communione
418 2648 548 2710 seiuncta,
571 2653 601 2697 ut
615 2648 698 2697 Phae·
749 2651 775 2696 et
797 2648 941 2712 Europam,
965 2647 1004 2697 ita
1025 2653 1055 2698 nt
1076 2646 1163 2712 Libya
1185 2647 1230 2696 -vel

213 2717 275 2768 don.
292 2733 318 2782 μ
336 2714 377 2767 65.
393 2716 424 2765 Ε.
441 2714 483 2766 66.
500 2716 532 2765 A.
551 2717 583 2765 D
687 2766 689 2770 ,
749 2716 829 2765 Asiae
846 2715 889 2764 vel
905 2716 1025 2781 Europae
1041 2715 1232 2766 attribueretur.

248 2785 414 2851 ἔρημον-
382 2786 478 2833 -καλ
504 2780 696 2834 καταλιπόν·
748 2783 801 2833 vid.
818 2784 928 2834 Morus
952 2784 984 2835 sd
1002 2785 1080 2834 Isoer.
1102 2785 1230 2849 Panegyr.

214 2842 264 2918 τα]
288 2851 465 2916 Exspectabas
488 2849 639 2918 όρήμην-
656 2851 698 2901 καλ
750 2867 770 2900 c.
794 2848 837 2902 48.
860 2858 886 2901 et
910 2852 1076 2903 Schaefer.
1099 2854 1128 2902 in
1150 2852 1230 2902 Mele-

213 2921 418 2978 καταλιποῦσαν,
459 2935 519 2970 nam
553 2920 699 2970 referuntur
750 2925 809 2970 tem.
834 2920 902 2971 eritt.
918 2937 942 2985 p.
961 2918 995 2971 36
1012 2937 1065 2985 seq.
1083 2920 1145 2971 Noli
1161 2921 1230 2970 enim

214 2990 285 3036 haee
302 2987 334 3037 ad
350 2985 443 3053 ψυχήν.
479 2986 530 3038 Sed
547 3004 629 3054 genus
646 3004 699 3037 ma·
749 2992 841 3053 putare
873 2989 1033 3039 tremendum
1060 2988 1130 3039 istud
1165 3004 1231 3038 mor·

217 3055 346 3106 sculinum
363 3056 476 3137 ponitur,
496 3072 524 3105 ao
543 3059 567 3105 si
585 3072 722 3121 praeees-
748 3062 852 3105 tuorum
891 3056 1017 3108 iudicium
1051 3057 1150 3123 Libyas
1188 3056 1232 3106 vel

215 3123 295 3174 sisset
310 3118 485 3174 ἀποθανόντα
502 3123 626 3184 ἕκαστον,
645 3140 698 3174 non
749 3124 856 3174 Africae
884 3125 986 3175 incolas
1012 3142 1065 3175 non
1092 3126 1231 3175 iudicasse.

215 3190 305 3274 ψυχὴν
321 3186 507 3244 ἀποθανόντος
525 3189 644 3242 ἑκάστου
750 3191 816 3241 Cum
838 3192 889 3241 bae
911 3194 1011 3243 ratione
1033 3194 1132 3243 faciunt
1153 3194 1231 3243 etiam

251 3256 311 3310 δόο
334 3258 496 3326 μὲνέκιῆ
502 3278 514 3313 s
537 3256 697 3325 'Aetas-J
749 3260 904 3324 Aeschyl.
933 3262 1004 3311 Pers.
1031 3276 1055 3308 v
1083 3259 1133 3311 179
1160 3277 1231 3324 seqq.

215 3328 287 3390 ,Qui
303 3326 349 3391 lit,
370 3333 399 3377 ut
415 3328 502 3378 Minos
520 3343 579 3378 oum
597 3327 699 3377 Rhada·
749 3332 827 3390 atque
845 3326 1001 3392 Sopboel
1016 3326 1231 3378 Tracb.v.101.

212 3395 322 3445 mantbo
344 3396 422 3445 fratre
439 3397 519 3446 Asiae
542 3396 584 3445 bie
605 3395 699 3445 adseri·
749 3421 782 3431 —
799 3395 940 3456 Aeacus,
970 3396 1041 3444 Iovis
1068 3412 1102 3445 ex
1128 3395 1232 3461 Aegina

214 3465 325 3526 bantur,
355 3479 434 3527 quum
463 3465 570 3529 uterque
595 3464 698 3513 Cretam
749 3463 828 3525 filins,
839 3477 886 3511 rex
898 3464 1016 3548 Aegrnae
1027 3463 1139 3525 msulae
1150 3463 1232 3514 omni-

214 3531 329 3582 insulam
350 3532 506 3581 incoluerit?
542 3532 617 3582 Certe
641 3537 699 3581 ortu
749 3547 793 3580 um
818 3499 973 3581 liraecornm
998 3527 1138 3583 όσιάτατοο
1164 3531 1232 3580 iudi·

213 3607 333 3650 materno
355 3600 448 3649 Asiani
469 3607 555 3662 erant,
578 3602 622 3665 qui
647 3616 699 3650 ma·
750 3605 823 3649 catus
853 3605 900 3649 est.
928 3617 952 3648 v.
975 3598 1149 3650 Plutarch
1178 3599 1230 3652 vit.

214 3675 279 3717 trem
296 3666 431 3717 habebant
446 3638 590 3733 Europaln,
608 3667 699 3718 Cadmi
750 3667 829 3717 Thes.
852 3681 876 3731 p.
899 3665 924 3718 5.
946 3670 977 3718 A.
1001 3668 1142 3718 [socrat.
1163 3668 1231 3717 Eva·

214 3736 357 3786 Phoenicis
375 3752 495 3786 sororem
513 3753 538 3785 v.
549 3737 698 3786 Eustatb.
749 3751 803 3801 gor.
828 3735 885 3784 init
929 3737 970 3786 De
996 3737 1052 3786 eius
1082 3737 1183 3802 origine
1205 3751 1231 3785 ν.

214 3804 242 3852 in
267 3803 343 3855 Iliad.
372 3800 408 3853 α’,
437 3821 461 3869 p
489 3802 547 3856 982.
576 3804 614 3854 ed.
637 3804 696 3854 Bas.
750 3801 948 3867 Apollodor.
965 3805 1019 3867 ΙΙΙ,
1037 3803 1083 3867 12,
1100 3803 1124 3856 6.
1142 3804 1230 3868 ibique

214 3873 249 3921 Et
277 3872 371 3922 Cretae
399 3887 451 3921 non
484 3873 620 3938 indigena,
654 3871 699 3921 sed
750 3871 912 3936 Heynius.

215 3939 318 3990 advena
340 3940 422 3989 luisse
444 3941 531 3991 Minos
554 3957 570 3991 a
594 3939 699 4005 quibus·
782 3937 888 3993 Rem
916 3938 951 3990 όν
973 3938 1013 4006 τῷ
1035 3942 1170 4000 λειμῶνι
1188 3937 1229 4005 -]

215 4007 275 4057 dam
293 4007 433 4068 ferebatur,
451 4014 517 4058 teste
535 4009 699 4058 Strabone
751 4008 807 4067 „De
826 4007 876 4057 boe
897 4008 969 4070 loco,
992 3992 1098 4057 ubivis
1119 4007 1149 4056 in
1166 4006 1231 4057 duas

215 4076 247 4126 X
257 4092 282 4141 p.
293 4073 352 4126 477.
371 4075 410 4125 ed.
424 4045 550 4127 οεοευλ)”
567 4076 699 4126 ROUTH.
750 4082 836 4139 partes
858 4044 996 4137 dividitu'r,
1022 4075 1142 4141 Virgil.
1165 4076 1231 4125 Aen.

214 4145 338 4194 Fortasse
351 4143 428 4194 Creta
443 4145 621 4195 insulaAsiae
638 4159 699 4208 pers
750 4143 795 4193 VI.
824 4159 849 4192 v.
876 4141 927 4194 540
954 4159 1025 4225 seqq.
1074 4144 1233 4193 Memoratur

213 4211 342 4264 habenda.
378 4212 453 4273 Quod
470 4229 531 4267 vero
555 4212 621 4262 duae
643 4219 699 4262 tan·
750 4211 826 4260 etiam
850 4206 865 4258 ό
888 4206 983 4271 λειμὼν
1007 4213 1046 4260 De
1069 4212 1131 4276 Rep.
1149 4212 1182 4262 X.
1205 4227 1230 4275 p.

215 4286 271 4330 tum
295 4286 472 4330 memorantur
499 4286 582 4330 terrae
604 4286 699 4344 partes,
749 4277 807 4329 616
825 4279 855 4327 B
889 4279 947 4327 Et
939 4296 966 4327 m
985 4279 1103 4329 Axioeho
1120 4281 1155 4344 (p.
1172 4277 1231 4329 371.

215 4349 291 4398 Plato
309 4349 384 4398 iuxta
402 4363 459 4397 eum
475 4349 535 4398 aliis
548 4350 698 4397 universum
750 4347 789 4408 Β.)
807 4361 944 4412 campus
962 4347 1126 4397 veritatis
1143 4347 1231 4433 appel·

214 4423 342 4467 terrarum
359 4416 447 4467 orbem
464 4416 554 4468 divisit
570 4417 598 4466 in
608 4417 698 4466 Asiam
749 4415 827 4464 latur.
845 4413 996 4465 Seilioetibi
1006 4412 1158 4478 ψεύσασθαι
1168 4413 1232 4482 αμή·
