3242 5259
394 581 436 635 96
800 576 998 638 PLATONIS

395 734 547 820 ῥητορικὴ
566 745 679 819 χρῆται
686 763 695 813 ,·
736 739 831 801 ΓΟΡ.
866 736 914 801 Τὰ
941 734 1073 820 μέγιστα
1100 741 1166 802 τῶν
1197 736 1415 818 ἀνθρωπείων

393 834 599 917 πραγμάτων,
622 827 647 898 ὦ
668 837 849 915 Σώκρατες,
871 834 925 899 καὶ
945 839 1069 915 ἄριστα.

459 933 538 1023 Gap.
560 934 637 1000 VII.
664 938 755 1006 ἸΣΩ.
780 929 885 1013 Ἀλλ’,
919 927 1105 1017 ὧΓοργία,
1132 933 1416 1016 ἀμφιςβητήσιμον

344 1032 449 1098 Euat
468 1040 566 1099 τοῦτο
593 1028 694 1114 λέγεις
720 1031 775 1098 καὶ
806 1030 905 1097 ontio
931 1054 981 1096 πω
1008 1031 1117 1114 σαφὲς.
1147 1031 1256 1113 οἴομαι
1286 1032 1350 1114 γοέρ
1380 1049 1417 1095 σε

395 1129 569 1213 ἀκηκοέναι
588 1128 623 1195 ἐν
643 1137 711 1206 τοῖς
731 1131 922 1214 συμποσίοις
943 1132 1090 1212 ᾀδόντων
1110 1129 1297 1209 ἀνθρώπων
1316 1135 1416 1194 τοῦτο

394 1229 430 1293 τὸ
452 1229 591 1305 σκολιόν,
614 1226 650 1293 ἐν
671 1219 696 1312 ᾧ
717 1235 993 1311 καταριθμοῦνται
1014 1230 1165 1312 ᾄδοντες,
1187 1222 1236 1291 ὅτι
1257 1226 1418 1308 ὑγιαίνειν

394 1325 453 1409 μὲν
472 1327 604 1407 ἄριστόν
626 1324 700 1405 ἐστι,
721 1325 757 1390 τὸ
778 1326 812 1390 δὲ
832 1327 984 1408 δεύτερον
1003 1325 1104 1391 καλὸν
1120 1324 1284 1407 γενέσθαι,
1307 1325 1417 1407 τρίτον

394 1423 439 1500 δέ,
462 1420 505 1500 ὥς
526 1440 626 1508 φησιν
641 1423 659 1488 ὁ
674 1422 807 1507 ποιητὴς
823 1431 883 1487 τοῦ
898 1428 1040 1502 σκολιοῦ,
1062 1424 1098 1488 τὸ
1113 1427 1266 1487 πλουτεῖν
1280 1423 1416 1498 tortos.

331 1566 334 1570 -
397 1526 494 1602 FOB.
530 1516 666 1605 Ἀκήκοα
694 1524 775 1604 γάρ·
805 1521 885 1585 ἀλλὰ
906 1520 988 1600 πρὸς
1015 1521 1045 1584 τί
1063 1527 1160 1584 τοῦτο
1187 1517 1307 1603 λέγειςς
1337 1522 1416 1584 zei.

311 1614 374 1679 452
387 1615 464 1684 ’Ότι
485 1636 538 1683 σοι
560 1612 661 1684 αὐτίκ’
682 1618 722 1682 ἂν
743 1625 941 1700 παρασταῖεν
962 1619 994 1683 οἱ
1011 1616 1203 1702 δημιουργοὶ
1222 1619 1350 1684 τούτων
1371 1606 1418 1682 ὧν

396 1716 550 1803 ἐπῄνεσεν
571 1718 589 1783 ὁ
610 1716 646 1781 τὸ
668 1718 799 1781 σκολιὸν
820 1719 976 1800 ποιήσας,
1000 1717 1108 1797 ἰατρός
1127 1738 1161 1780 τε
1181 1715 1235 1780 καὶ
1254 1716 1418 1798 παιδοτρλ

395 1818 454 1898 {ips
474 1816 528 1881 καὶ
549 1818 776 1901 χρηματιστής,
807 1815 860 1880 καὶ
889 1815 973 1879 εἴποι
1002 1819 1132 1896 πρῶτον
1159 1814 1218 1898 μὲν
1247 1814 1266 1878 ὁ
1296 1815 1415 1894 ἰατρός,

396 1909 453 1993 ὅτι,
471 1903 521 1977 Ὦ
543 1916 731 1994 Σώκρατες,
760 1913 900 1998 ἐξαπατᾷ
929 1928 963 1978 σε
985 1914 1139 1995 Γοργίας·
1172 1912 1213 1976 οὐ
1241 1912 1305 1995 γοίρ
1333 1909 1418 1976 ἐστιν

445 2118 476 2166 Ε,
511 2117 624 2177 οἴομαι
647 2112 706 2181 γάρ
734 2131 768 2166 σε
792 2111 897 2180 unqu]
921 2108 993 2175 οἶμαι
1009 2114 1075 2164 Ven.
1094 2113 1154 2165 ΞΣ.
1177 2115 1237 2164 Par.
1255 2115 1276 2164 Ι.
1294 2112 1375 2164 vinu
1392 2111 1416 2164 6.

395 2187 464 2249 Aug.
486 2184 592 2234 Mearm.
614 2183 684 2233 Flor.
702 2200 728 2233 x.
763 2185 802 2232 De
826 2184 961 2247 utriusque
982 2183 1081 2264 formae
1105 2182 1255 2232 discrimine
1279 2183 1417 2248 ambigunt

394 2247 1416 2385 tutti·1tft⁰ttrt²ttttt''tittttti..tutte

395 2388 473 2438 thiae.
493 2389 538 2438 Gr.
556 2389 587 2437 T.
605 2386 626 2436 Ι.
645 2403 665 2436 s.
690 2404 714 2437 v.
734 2387 864 2438 Sohaefer.
887 2386 920 2436 ad
943 2388 1110 2438 Demosthen.
1133 2385 1231 2452 Apper.
1248 2386 1295 2436 IV.
1312 2403 1338 2452 p.
1358 2384 1415 2438 102.

395 2455 526 2506 Benseler.
543 2455 576 2505 ad
589 2456 695 2505 Isooret
710 2455 859 2521 Areopagit.
877 2471 901 2520 p.
915 2453 947 2506 75
960 2471 1031 2521 seqq.
1066 2453 1135 2505 Illud
1153 2454 1317 2520 exploratum
1335 2453 1413 2504 habe·

394 2541 460 2586 mus,
477 2525 505 2573 in
522 2524 670 2590 parenthesi
688 2529 714 2573 et
730 2524 898 2589 responsione
915 2524 991 2574 unice
1009 2517 1095 2583 οἶμαι,
1119 2524 1231 2573 formam
1248 2526 1415 2584 contractam,

394 2593 522 2657 usurpari,
540 2592 606 2642 alias
622 2599 757 2657 utramque
775 2593 885 2642 formem
902 2607 1019 2657 regnare,
1037 2591 1190 2641 hortamen
1208 2590 1415 2652 discriminent

396 2661 496 2720 οἴομαι,
521 2660 598 2710 siouti
615 2659 714 2710 ambitu
732 2666 758 2710 et
774 2660 881 2722 litteris,
904 2659 942 2709 ita
965 2659 1043 2711 etiam
1060 2660 1089 2708 vi
1105 2664 1132 2708 et
1148 2659 1277 2725 gravitate
1295 2657 1415 2708 rideatur

395 2743 452 2778 esse
462 2727 639 2793 ponderosius.
666 2729 832 2792 Quamquam
842 2727 892 2778 hoo
906 2727 992 2792 ipsum
1010 2743 1194 2792 saepenumero
1212 2744 1227 2777 e
1245 2726 1415 2778 scribentium

395 2811 474 2846 sensu
491 2811 644 2861 suspensum
662 2803 707 2844 est.

448 2867 559 2927 τρίτον
578 2861 625 2929 λε’]
645 2859 671 2911 τὸ
692 2865 779 2927 τρίτον
798 2859 828 2911 δέ
845 2861 923 2912 Vind.
941 2860 965 2912 2.
982 2860 1007 2912 6.

447 2928 487 2983 ὥς
506 2946 608 2995 φησιν
626 2926 640 2980 ὁ
658 2948 685 2980 π.
703 2934 759 2980 τοῦ
779 2928 931 2996 σκολιοῦ]
949 2930 1042 2980 Eieota
1058 2930 1123 2980 haee
1141 2928 1198 2979 vult
1215 2928 1350 2996 Hirschig.

399 3097 465 3148 ἐστι
488 3102 583 3148 τοῦτο
605 3097 664 3164 -,·]
699 3098 817 3149 Alterum
848 3101 878 3158 τί,
932 3097 962 3147 δὲ
980 3093 1053 3162 φυὰν
1071 3093 1151 3149 καλὸν
1167 3095 1310 3163 γενέσθαι·
1331 3094 1368 3148 Τὸ
1387 3096 1416 3147 δὲ

397 3165 466 3232 quod
488 3168 515 3216 in
537 3165 612 3216 libris
636 3166 733 3230 deest‚‘
752 3166 784 3217 de
806 3181 879 3232 prae·
934 3168 1022 3230 τρίτον
1039 3167 1163 3215 πλουτεῖν
1179 3161 1296 3218 ἀδόλοις·
1323 3163 1419 3230 Τέταρ-

397 3235 466 3284 olera
497 3234 695 3285 Heindorfii
731 3236 880 3284 coniectura
931 3232 1024 3283 τονδὲ
1046 3229 1196 3299 ἦβᾶνμετᾶ
1216 3233 1311 3296 φίλων.
1334 3233 1416 3284 Τοῦτο

396 3303 563 3353 restituimus.
581 3304 609 3352 P.
629 3300 730 3354 toissz
749 3303 791 3352 καὶ
810 3302 839 3351 εἴ
848 3319 879 3362 με
932 3300 961 3350 δὲ
988 3297 1014 3350 τὸ
1045 3303 1189 3364 τελευταῖον
1221 3300 1416 3364 παραλέλειπται

396 3369 562 3435 ἐπανὲροιτο,
591 3374 642 3420 τῶν
665 3371 725 3434 περὶ
751 3373 788 3430 τι’,·
812 3370 879 3435 Apte
930 3365 966 3421 uis
983 3366 1017 3434 μὴ
1036 3365 1104 3430 πρὸς
1126 3364 1141 3418 ὃ
1165 3365 1287 3432 βούλεται
1305 3365 1417 3419 Πλάτων

396 3440 434 3490 sio
458 3439 569 3506 Gorgias
593 3437 743 3503 respondet:
773 3433 807 3486 τὰ
830 3435 878 3497 μέ·
929 3433 1056 3502 χρήσιμον
1073 3433 1113 3485 ὅν.
1138 3452 1164 3486 v.
1181 3437 1287 3502 ilgeu.
1305 3435 1375 3486 Sool.
1392 3452 1418 3503 p.

395 3524 488 3573 γιστα
506 3526 525 3556 τ.
551 3503 650 3570 α’νθρ.
674 3525 695 3556 κ.
715 3523 734 3554 τ.
752 3506 772 3553 λ.
808 3505 878 3554 Flor.
929 3503 1389 3569 25seq.Grotefend.inSehwei

396 3576 413 3628 f.
437 3591 457 3624 s.
480 3574 579 3624 habent
602 3571 669 3639 Λέγε
695 3569 741 3638 δή,
773 3575 798 3621 τί
826 3571 879 3622 ἐστι
930 3573 1018 3622 haeus.
1037 3571 1175 3622 Anima-dv.
1193 3571 1227 3622 ad
1244 3571 1341 3622 Athen.
1357 3572 1385 3623 X
1409 3607 1416 3622 .

397 3648 470 3692 τοῦτο
496 3646 548 3693 τῶν
566 3638 666 3700 ὄντων,·
692 3641 760 3706 quod
784 3639 878 3691 Antio
929 3657 952 3690 c.
969 3637 1009 3691 14.
1027 3642 1058 3689 Τ.
1076 3641 1146 3690 VIII.
1165 3638 1266 3706 p..262.
1295 3640 1416 3690 Iacobe

394 3711 494 3776 plaeet;
519 3710 596 3760 nobis
614 3726 646 3759 ex
664 3709 822 3760 correctione
840 3725 879 3758 or·
930 3707 963 3758 ad
972 3707 1113 3774 Antholog.
1126 3709 1169 3758 Gr.
1182 3708 1214 3758 Τ.
1227 3706 1248 3757 Ι.
1260 3724 1285 3773 p.
1299 3705 1351 3758 208
1362 3723 1416 3772 seq.

326 3791 332 3807 ¹
396 3785 450 3829 tum
467 3778 579 3829 videtur.
930 3774 1172 3826 Schneidewin.
1187 3775 1377 3840 Simou.Reliq.
1392 3791 1416 3840 p.

929 3841 963 3894 54
980 3859 1032 3908 seq.
1056 3843 1245 3909 Argumentum
1261 3843 1341 3893 huius
1361 3859 1418 3894 eoo·

430 3913 492 3979 Cep.
511 3913 569 3963 VH.
587 3913 617 3962 E.
642 3916 736 3961 τοῦτο
756 3910 786 3961 τὸ
808 3926 878 3962 ono·
928 3911 959 3960 lii
981 3911 1058 3962 Plato
1088 3912 1163 3963 affert
1189 3911 1267 3961 etium
1290 3912 1374 3978 Legg.
1397 3911 1417 3961 Ι.

396 3977 483 4039 λιόν,
502 3979 539 4029 ἐν
558 3972 579 4048 ᾦ
598 3978 639 4046 -]
659 3979 746 4030 Sohol.
764 3975 795 4029 τὸ
817 3995 877 4029 ouo·
928 3995 953 4044 p.
972 3976 1030 4030 631.
1057 3979 1086 4029 C.
1108 3981 1142 4029 11.
1168 3995 1194 4044 p.
1211 3976 1270 4030 661.
1293 3979 1327 4029 A.
1356 3977 1418 4030 eoll.

391 4044 452 4110 Ιλιὸν
480 4052 555 4098 τοῦτο
590 4048 618 4098 οἱ
645 4047 695 4109 μὲν
725 4046 878 4108 Σιμωνιλλου
929 4045 1160 4110 Ix.870.B.,atrin
1179 4048 1200 4097 it
1214 4045 1375 4112 Euthydem.
1391 4062 1417 4112 p.

396 4117 431 4179 (v.
455 4116 553 4166 (ilem.
580 4117 627 4166 Al.
659 4117 751 4166 Strom.
774 4116 820 4165 IV.
852 4132 878 4181 p.
928 4113 987 4167 279.
1000 4117 1033 4165 A.
1044 4117 1074 4166 B.
1086 4063 1189 4166 Philei.
1206 4129 1232 4179 p.
1242 4112 1285 4166 48.
1295 4115 1330 4165 D.
1345 4130 1419 4181 seqq.

392 4181 453 4236 ¹573.
476 4184 670 4236 'theodoret
697 4184 778 4233 Serm.
795 4184 829 4233 IL
852 4200 877 4249 p.

397 4249 502 4317 ss3seq.)
524 4255 615 4314 φασίν,
634 4251 660 4301 οἰ
671 4247 876 4316 δὲἘπιγάρμου.
962 4252 991 4300 P.
1009 4249 1067 4301 452.
1087 4249 1099 4298 l
1104 4245 1205 4314 ατρᾶε
1224 4248 1327 4299 τεκαὶ
1346 4265 1418 4299 παι-

398 4320 449 4369 ἔστι
467 4319 497 4369 δὲ
514 4325 641 4370 τοιοῦτον·
666 4315 811 4385 ’Ίγιαίνειν
828 4320 878 4380 μὲν
930 4316 1102 4385 δοτρίβηε]
1152 4316 1228 4380 Quod
1257 4315 1420 4369 Heindor-

397 4383 505 4451 ἄριστον
522 4384 603 4451 ἀνδρὶ
617 4389 720 4450 θνατῷ·
740 4384 878 4451 Δεύτερον
928 4387 995 4437 fius
1012 4388 1121 4451 putabat
1138 4383 1307 4437 scribendum
1323 4380 1416 4437 md
