3242 5259
488 606 544 666 AD
566 607 749 669 GORGIAM
770 607 975 668 PLATONIS.
1205 613 1240 668 ll

229 775 354 848 iudicat,
384 777 618 855 quandoquidem
639 777 710 856 quid
730 778 769 837 sit
788 777 954 836 hominibus
975 778 1178 852 gravissimum
1200 783 1243 839 at·

230 880 286 940 que
307 861 465 937 optimum,
488 882 600 938 semper
619 863 709 922 fuerit
730 883 843 922 summa
862 863 1018 935 dissensio,
1048 864 1171 942 ideoque
1193 885 1255 943 ex-⁴

229 945 331 1022 plicari
351 946 407 1003 sibi
428 947 509 1023 cupit
528 947 706 1022 diligentius,
727 948 759 1006 in
780 968 906 1026 quanam
926 968 958 1006 re
980 955 1116 1008 cernatur
1133 950 1245 1024 gravis·

229 1031 335 1090 simum
355 1031 429 1089 illud
451 1051 484 1090 ac
504 1053 649 1091 summurn
668 1035 784 1105 bonum,
806 1053 864 1111 quo
885 1034 1003 1092 tandem
1017 1033 1178 1093 rhetoricae
1199 1035 1245 1094 vis

230 1122 259 1176 et
286 1116 415 1190 dignitas
436 1118 522 1192 plane
544 1124 740 1193 cognoscatur.
784 1119 817 1178 P.
840 1123 910 1177 451.
932 1119 962 1176 0.
985 1151 1027 1160 -
1051 1123 1121 1177 452.
1144 1120 1180 1177 D.
1202 1153 1245 1162 —

230 1202 276 1260 Ad
298 1221 374 1279 quae
389 1202 509 1276 Gorgias
530 1203 632 1281 utique
654 1203 743 1262 habet
764 1222 839 1282 quae
859 1205 1039 1279 respondeat.
1070 1204 1146 1262 Satis
1166 1205 1244 1262 enirn

231 1291 345 1345 constat
366 1287 510 1362 sophistas
531 1288 609 1346 illius
631 1288 736 1347 aetatis
757 1307 821 1346 sese
839 1289 983 1363 professos
1004 1308 1067 1346 esse
1081 1288 1170 1348 etiam
1183 1309 1244 1346 ma·

230 1371 336 1445 gistros
358 1371 479 1430 virtutis
508 1372 600 1431 civilis
629 1378 717 1450 atque
746 1373 818 1432 artis
840 1373 1060 1431 administrandi
1088 1373 1244 1450 rempubli-

231 1475 301 1514 cam.
344 1457 451 1534 Itaque
472 1457 636 1514 mirandum
664 1477 721 1515 non
744 1463 802 1528 est,
821 1455 901 1536 ¹quod
924 1458 1059 1532 Gorgias,
1089 1459 1192 1536 quise
1215 1464 1245 1518 et

229 1541 291 1616 ipse
314 1540 468 1600 dictitabat
495 1562 553 1599 non
574 1544 659 1600 modo
680 1542 808 1613 dicendi,
831 1544 880 1601 sed
904 1542 993 1601 etiam
1018 1545 1160 1617 gerendae
1189 1543 1245 1602 rei-

230 1624 364 1701 publicae
385 1627 524 1702 peritum,
547 1647 691 1686 summum
712 1627 836 1685 hominis
857 1629 966 1685 bonum
986 1627 1017 1684 in
1039 1647 1073 1685 eo
1093 1627 1189 1704 ponit,
1211 1632 1246 1686 ut

233 1710 294 1788 quis
325 1715 357 1769 et
384 1711 446 1786 ipse
475 1711 548 1770 liber
573 1711 612 1770 sit
639 1717 669 1770 et
697 1712 728 1770 in
750 1732 803 1771 sua
828 1712 919 1787 ipsius
946 1712 1041 1788 patria
1068 1712 1133 1770 aliis
1153 1713 1246 1788 possit

232 1795 380 1871 imperare.
424 1796 509 1854 Effiei
531 1801 629 1855 autem
657 1798 712 1859 hoc
741 1798 782 1856 ait
810 1803 873 1855 arta
893 1797 1052 1868 rhetorica,
1082 1797 1164 1854 cuius
1192 1816 1245 1873 ope

234 1879 390 1938 iniudioio
410 1880 570 1952 iudicibus,
598 1881 630 1938 in
651 1887 753 1940 senatu
776 1882 971 1953 senatoribus,
1000 1882 1031 1939 in
1060 1882 1245 1941 concionibus

238 1965 351 2040 populo,
381 1965 413 2022 in
435 1966 499 2025 aliis
521 1965 648 2025 coetibus
676 1967 739 2024 aliis
761 1967 937 2025 sententiam
964 1972 1045 2025 tuam
1073 1968 1246 2043 persuadere

238 2067 328 2126 queas,
350 2049 395 2108 ita
416 2055 457 2122 ut,
479 2050 529 2128 qui
544 2051 656 2108 dicendi
676 2052 815 2110 facultate
829 2051 1112 2127 plurimumyaleat,
1133 2052 1158 2110 is
1173 2051 1245 2111 alios

235 2133 285 2192 ribi
298 2134 428 2192 maxime
443 2136 550 2194 habeat
563 2135 703 2194 obnoxios
716 2137 931 2214 plurimumque
946 2137 1080 2195 utilitatis
1095 2156 1134 2194 ex
1148 2156 1248 2194 eorum

234 2219 344 2277 artibus
370 2219 534 2298 studiisque
554 2220 701 2296 percipiat.
744 2223 776 2279 P.
800 2226 870 2279 452.
892 2223 926 2279 Ε.
970 2223 1128 2299 Postquam
1149 2227 1247 2280 autem

233 2304 362 2379 sophista
382 2305 578 2382 eloquentiam
600 2326 634 2364 eo
655 2305 800 2382 pertinere
822 2305 973 2378 iudicavit,
995 2312 1030 2365 ut
1052 2307 1174 2364 aliorum
1195 2326 1246 2366 vo-

234 2387 376 2448 luntatem
406 2409 440 2447 ac
460 2389 557 2448 studia
585 2392 621 2449 ad
643 2397 724 2449 tuam
751 2390 843 2467 ipsius
870 2391 1044 2450 sententiam
1072 2392 1189 2450 flectere
1217 2396 1247 2450 et

234 2491 331 2547 regere
358 2475 460 2550 possis,
497 2475 629 2534 Socrates
657 2477 684 2534 ei
712 2477 784 2533 haee
811 2477 980 2551 respondet:
1009 2477 1095 2532 Nune
1123 2477 1247 2546 demum,

232 2557 338 2636 inquit,
358 2559 489 2633 intelligo
510 2565 540 2619 tc
561 2561 724 2619 rhetoricen
745 2560 840 2618 dicere
865 2559 996 2635 opificem
1017 2561 1162 2637 quandam
1183 2578 1247 2635 per·

233 2643 377 2701 euadendi
396 2663 566 2722 omnemque
587 2645 650 2703 eius
670 2645 810 2704 virtutem
831 2645 938 2702 referre
960 2665 1008 2715 ec,
1037 2648 1073 2703 ut
1098 2643 1162 2703 aliis
1183 2663 1248 2721 per·

235 2727 408 2786 suadeamus
426 2729 472 2800 id,
504 2732 581 2807 quod
603 2730 745 2789 volumus.
785 2730 856 2788 vSed
883 2729 955 2786 illud
979 2748 1093 2807 quoque
1113 2749 1160 2787 me
1182 2731 1248 2787 edo·

235 2831 303 2870 ceca
325 2811 418 2885 velim,
440 2814 491 2892 qui
513 2815 581 2873 finis
602 2814 641 2873 sit
661 2815 740 2872 illius
755 2814 950 2889 persuasionis
971 2813 1053 2872 etin
1074 2815 1249 2892 quibusnam

233 2899 323 2955 rebus
345 2916 380 2954 ea
400 2904 541 2958 cernatur.
586 2901 664 2958 Num
690 2899 781 2973 igitur
803 2899 858 2958 tibi
881 2900 943 2957 sola
970 2899 1112 2958 rhetorice
1132 2900 1250 2979 vith

235 2981 350 3039 efficere
373 3003 456 3057 posse
483 2985 558 3042 hanc
584 2985 816 3060 persuasionem,
847 3004 885 3042 an
913 2984 986 3042 aliae
1008 3003 1124 3062 quoque
1153 2983 1250 3043 artes?

234 3085 330 3125 nonne
352 3067 518 3147 quicunque
546 3089 608 3128 rem
628 3069 794 3147 quampiam
823 3071 920 3140 docet,
950 3069 975 3126 is
998 3089 1062 3126 eam
1091 3068 1156 3128 aliis
1184 3089 1249 3146 per·

234 3151 357 3210 similet?
379 3153 517 3212 Concedit
532 3154 662 3228 Gorgias,
685 3154 850 3232 quicunque
865 3155 973 3225 doceat,
996 3173 1063 3213 eum
1082 3154 1147 3212 aliis
1161 3155 1250 3213 etiam

233 3238 416 3312 persuadere.
446 3239 520 3296 Inde
533 3259 603 3299 vero
618 3239 749 3298 Socrates
772 3238 917 3297 concludit
931 3239 1019 3297 etiam
1038 3238 1249 3312 arithmeticen,

234 3322 424 3395 geometriam
460 3324 589 3402 aliasque
618 3328 695 3384 artes
723 3325 864 3400 plurimas
893 3343 958 3382 cum
978 3324 1164 3399 persuasione
1186 3343 1250 3383 esse

235 3407 420 3480 coniunctas,
448 3413 482 3467 ut
505 3429 540 3467 ea
560 3408 678 3467 minime
704 3409 864 3468 rhetoricae
893 3408 1009 3484 propria
1036 3427 1098 3466 esse
1120 3410 1251 3485 putanda

238 3491 289 3565 sit,
310 3493 435 3570 ideoque
456 3498 555 3553 censet
575 3493 689 3552 definiri
711 3500 843 3570 oportere
865 3493 1048 3567 diligentius,
1069 3493 1164 3570 qualis
1184 3499 1250 3552 tan·

239 3576 303 3634 dem
323 3577 364 3636 sit
392 3583 424 3638 et
451 3598 589 3656 quorsum
617 3584 728 3655 spectet
756 3579 808 3637 illa
836 3579 998 3655 persuasio,
1028 3597 1115 3656 quarn
1145 3579 1253 3638 efficiat

235 3661 388 3721 rhetorice.
437 3665 469 3721 P.
493 3669 563 3723 453.
586 3667 622 3722 A.
645 3695 688 3706 -
709 3669 779 3722 454.
801 3667 839 3723 A.
881 3665 921 3722 Et
942 3663 1011 3721 huic
1039 3663 1252 3742 quidemdesi·

237 3747 316 3804 derio
338 3747 460 3821 Gorgias
489 3749 589 3808 statim
619 3749 769 3807 satisfacit.
812 3748 865 3807 Ait
887 3747 964 3806 enim
993 3768 1058 3806 eam
1085 3768 1115 3806 se
1144 3748 1252 3808 intelli·

236 3851 303 3904 gere
324 3832 557 3907 persuasionem,
587 3853 661 3911 quae
683 3833 715 3890 in
736 3832 850 3892 iudiciis
874 3833 997 3910 aliisque
1018 3833 1169 3891 hominurn
1189 3852 1251 3890 coe·

235 3915 315 3974 tibus
328 3922 432 3991 regnet
446 3937 577 3997 quaeque
599 3920 635 3976 ad
651 3918 729 3976 iusta
744 3923 774 3976 et
787 3918 899 3976 iniusta
911 3918 1065 3994 pertineat.
1087 3920 1119 3976 P.
1135 3924 1205 3976 454.
1218 3919 1251 3976 Β.

237 4031 279 4043 —-
309 4001 368 4059 Sed
396 4021 571 4082 quamquam
605 4022 683 4061 nunc
711 4005 829 4062 tandem
858 4003 993 4078 apparuit
1020 4003 1180 4079 sophistam
1209 4003 1252 4060 di-

237 4105 302 4145 cere
323 4087 488 4147 rhetoricen
515 4108 579 4146 eam
601 4095 708 4159 artem,
737 4108 797 4166 qua
818 4087 883 4146 aliis
910 4093 992 4146 tuam
1013 4087 1188 4146 sententiam
1216 4089 1252 4145 de

236 4172 326 4230 rebus
346 4171 433 4232 iustis
453 4175 501 4232 vel
522 4173 639 4232 iniustis
660 4173 691 4230 in
712 4172 835 4248 publicis
857 4173 1049 4231 conventibus
1068 4173 1252 4247 persuadeas,

235 4262 337 4314 tamen
358 4277 396 4315 ne
418 4256 449 4314 in
470 4259 526 4317 hac
546 4259 663 4337 quidem
683 4258 830 4316 sententia
851 4257 982 4315 Socrates
1004 4262 1102 4315 censet
1123 4277 1185 4315 esse
1207 4277 1252 4316 ac-

236 4341 457 4418 quiescendum,
481 4363 514 4402 ac
535 4344 670 4420 deinceps
692 4343 722 4400 id
745 4342 818 4416 agit,
840 4346 874 4400 ut
893 4343 969 4399 hanc
989 4341 1188 4401 definitionem
1209 4363 1253 4402 er·

238 4426 313 4484 roris
335 4432 480 4501 coarguat.
514 4430 619 4506 Itaque
648 4432 716 4486 ante
737 4427 835 4486 omnia
862 4426 946 4485 docet
966 4427 1092 4486 multum
1112 4429 1254 4488 interesse
