3242 5259
377 600 415 653 88
721 635 723 641 ·
784 597 982 658 PLATONIS

378 761 472 822 ΓΟΡ.
488 750 584 823 Ἀλλὰ
605 762 740 842 ποιήσω,
757 759 811 824 καὶ
832 754 965 837 οὐδενὸς
982 761 1095 844 φήσεις
1111 757 1400 843 βραχυλογωτέρου

378 847 525 920 οἰκοῦσαι.
1234 860 1236 863 ’
1388 876 1390 879 ·

442 953 522 1044 Cap.
545 955 604 1020 IV.
649 956 727 1018 uu.
762 954 843 1035 Φέρε
864 955 920 1038 δή·
950 953 1120 1037 ῥητορικῆς
1144 952 1207 1036 γὰρ
1234 950 1300 1037 φής
1331 952 1397 1018 ἐπι-

324 1038 356 1109 D
379 1054 509 1136 στήμων
529 1050 640 1136 τέχνης
663 1045 745 1116 εἶναι
765 1053 820 1116 καὶ
839 1061 971 1134 ποιήσαι
1001 1052 1042 1116 ἂν
1062 1052 1116 1117 καὶ
1136 1056 1236 1116 ἄλλον
1267 1052 1400 1135 ῥήτορα·

379 1150 401 1232 ἡ
429 1148 580 1234 ῥητορική
612 1147 684 1228 περὶ
713 1149 744 1212 τί
769 1154 834 1213 τῶν
862 1153 967 1214 ὄντων
995 1154 1145 1232 τυγχάνει
1167 1143 1269 1226 οὖσας
1299 1148 1403 1231 ὥςπερ

378 1247 400 1329 ή
427 1247 589 1331 ὑφαντικὴ
616 1246 689 1328 περὶ
716 1245 776 1329 τήν
804 1239 871 1310 τῶν
900 1246 1034 1330 ἱματίων
1065 1245 1233 1329 ἐργασίαν·
1274 1241 1295 1330 ἦ
1322 1249 1403 1331 γιίρς

381 1348 413 1408 Γ
412 1346 477 1408 ΟΡ.
500 1346 576 1409 Ναί.
624 1346 696 1406 zu.
729 1339 863 1409 Οὐκοῦν
889 1344 942 1408 καὶ
963 1344 985 1427 ἡ
1005 1343 1142 1427 μουσική
1163 1343 1234 1425 περὶ
1254 1342 1316 1427 τήν
1337 1347 1403 1408 τῶν

380 1445 485 1524 μείων
506 1443 654 1524 ποίησινς
677 1446 708 1506 Γ
708 1445 772 1506 ΟΡ.
795 1443 874 1505 Ναί.
895 1445 972 1505 zu.
996 1440 1051 1526 Νή
1067 1437 1257 1525 τήνἭραν,
1279 1433 1402 1522 ὦΓορ·

381 1540 441 1624 γία,
463 1540 585 1621 ἄγαμαί
605 1560 641 1620 γε
661 1538 717 1613 τὰς
737 1540 929 1620 ἀποκρίσεις,
952 1533 1001 1603 ὅτι
1022 1540 1189 1622 ἀποκρίνει
1210 1538 1253 1614 ὡς
1274 1532 1401 1603 οἷόντε

381 1635 435 1699 διὰ
454 1637 672 1717 βραχυτάτων.
716 1641 748 1700 Γ
747 1640 810 1701 ΟΡ.
835 1639 933 1700 Ποίνυ
952 1639 1015 1719 γὰρ
1035 1632 1141 1719 οἶμαι,
1171 1629 1397 1716 ὦΣώιιρατες,

382 1730 526 1807 ἐπιεικῶς
544 1743 640 1798 τοῦτο
651 1739 774 1798 ποιεῖν,
817 1736 893 1798 ΣΩ.
916 1729 968 1798 Εὖ
989 1732 1097 1818 λέγεις.
1120 1735 1170 1798 ’ίθι
1189 1735 1229 1818 δή
1250 1759 1306 1816 μοι
1326 1735 1404 1799 aad

382 1853 492 1910 αριναι
513 1830 598 1894 οὕτω
618 1831 672 1895 καὶ
692 1832 760 1912 περί
784 1841 841 1913 τῆς
862 1830 1047 1914 ῥητορικῆς,
1069 1831 1141 1913 περὶ
1160 1833 1191 1895 τί
1210 1836 1276 1896 των
1297 1836 1403 1897 ὄντων

332 1919 363 1988 Ε
386 1926 471 1992 ἐστὶν
492 1926 662 2013 ἐπιστήμης
692 1933 788 1994 ΓΟΡ.
813 1929 895 2011 Περὶ
915 1931 1043 2011 λόγους.
1084 1931 1160 1992 Eu.
1185 1931 1311 2003 Ποίους
1331 1931 1404 1996 τού-

381 2049 465 2102 τους,
490 2018 515 2089 ὦ
537 2028 675 2108 Γοργίας
707 2015 769 2108 ἆρα
792 2029 824 2091 οἳ
843 2027 976 2108 δηλοῦσι
995 2027 1071 2101 τοὺς
1092 2028 1276 2110 ιιιίμνοντας
1298 2027 1341 2102 ως
1363 2027 1423 2091 ἂν·

417 2287 450 2336 D.
485 2282 609 2353 ἄγαμαί
631 2303 666 2352 γε
694 2283 749 2338 τὰς
773 2282 991 2353 ἀποκρίσεις]
1021 2288 1072 2338 Pro
1101 2305 1132 2353 γε
1157 2287 1238 2353 vulgo
1266 2294 1317 2338 σοῦ
1342 2294 1406 2349 erat,

383 2354 452 2418 quod
474 2370 506 2404 ex
525 2354 612 2404 Clark.
632 2355 690 2403 Vat.
712 2354 744 2403 Δ.
769 2354 850 2404 Coial.
869 2357 926 2404 Par.
951 2355 1155 2406 BCIFEVW.
1179 2355 1259 2405 Vind.
1277 2353 1301 2406 1.
1319 2354 1344 2408 2.
1362 2373 1406 2406 no·

382 2438 441 2473 vem
458 2423 528 2473 Flor.
546 2424 614 2487 Aug.
630 2423 739 2472 Meerm.
761 2421 820 2471 aliis
843 2428 978 2473 mutatum.
1014 2423 1186 2474 Hoiudorfiue
1210 2421 1241 2490 γέ
1259 2438 1308 2473 oov
1326 2425 1408 2475 eonii·

383 2492 475 2542 ciebat.
510 2490 561 2541 Sed
580 2505 629 2540 ooo
648 2491 716 2556 sapit
731 2490 870 2555 glossema.

427 2593 463 2708 lE.
498 2591 607 2659 λέγειν
632 2608 667 2658 γε
690 2590 838 2658 rotald]
863 2597 949 2641 ποιεῖν
966 2590 1025 2641 Vat.
1044 2592 1077 2640 Δ,
1098 2591 1177 2643 Coisl.
1196 2591 1257 2641 Par.
1273 2592 1404 2644 Bch.

382 2674 459 2708 mae.
733 2689 734 2692 =

431 2751 494 2825 Ἆρ’
518 2749 580 2809 οὖν
598 2762 655 2808 καί
671 2756 709 2826 ἢν
729 2764 790 2809 νῦν
808 2756 846 2825 δή
865 2758 1043 2826 ἐλέγομεν]
1066 2762 1131 2810 Post
1148 2751 1198 2810 οὖν
1216 2760 1276 2811 vat.
1294 2763 1329 2811 Δ.
1348 2762 1405 2812 Par.

383 2827 416 2878 V.
426 2828 495 2877 Flor.
509 2844 531 2876 e.
542 2826 565 2875 d.
578 2833 604 2876 et
616 2843 666 2877 reo.
682 2826 770 2876 Clark.
787 2827 866 2877 Ooisl.
885 2823 918 2878 od
936 2827 1044 2889 addunt,
1062 2828 1130 2892 quod
1148 2829 1246 2894 recepit
1262 2829 1407 2890 Belrkeruo,

383 2911 431 2946 noe
442 2893 625 2960 improbamus.
659 2896 689 2944 Iu
701 2894 789 2944 Clark.
801 2902 828 2945 et
844 2910 891 2946 aex
909 2895 969 2946 aliis
987 2898 1033 2945 καί
1048 2912 1107 2960 om„
1125 2895 1194 2961 quod
1211 2896 1286 2960 abiit,
1304 2898 1406 2964 opinor,

418 3114 480 3179 Gap.
503 3114 549 3164 IV.
590 3114 623 3163 D.
662 3110 678 3179 ἡ
710 3109 867 3179 ρἠτορωιὴ
918 3116 1219 3175 torioavereatur?
1243 3115 1406 3166 —veluti

384 3182 462 3244 περὶ
482 3185 513 3232 τί
528 3187 587 3231 τῶν
603 3177 711 3231 ὄντων
729 3181 764 3248 τ.]
787 3184 868 3233 Rou·
920 3183 956 3245 (h.
978 3200 1001 3233 e.
1023 3183 1170 3248 exempli
1193 3183 1325 3247 caussa)
1352 3199 1405 3234 ars

384 3248 475 3300 thius
492 3250 588 3314 aliique
604 3250 761 3314 scripserunt
775 3254 869 3314 περίτι
921 3253 1069 3301 textoria
1085 3252 1121 3300 in
1137 3249 1294 3301 vestibus
1307 3252 1407 3302 eonfi-

384 3322 437 3367 ταῖν
450 3313 539 3366 ὄντων
557 3336 575 3366 τ.
595 3309 670 3375 οὖσα,
690 3315 774 3382 ὥσπερ
792 3314 868 3382 rivio.
921 3318 1049 3369 ciendis
1068 3324 1265 3384 occupatur:
1281 3320 1407 3369 noune?

383 3384 435 3435 Sed
457 3386 590 3436 verissime
608 3385 757 3435 observavit
773 3387 868 3435 Hein-

384 3452 515 3503 dorfius
537 3453 598 3514 illa,
626 3444 643 3518 ἦ
666 3450 732 3518 γάρ;
760 3458 787 3502 ot
817 3455 868 3510 ναί,
954 3449 1408 3521 Πάνυγᾶρ-ἐπιειιιῶε]Ι.ε.

382 3520 559 3571 tantummodo
587 3519 620 3569 ad
643 3519 723 3569 verba
748 3518 833 3584 ὥςπερ
853 3515 868 3586 ή
921 3520 1031 3580 [novom
1054 3520 1105 3570 vid.
1128 3520 1161 3570 ad
1179 3521 1277 3571 Criton.
1302 3537 1323 3571 ο.
1342 3523 1364 3571 Ι.
1381 3527 1408 3572 et

384 3585 869 3654 dommi-⁴dpyootuvreforriprae·
919 3588 1051 3638 Phaedon.
1064 3605 1096 3660 ο.
1117 3589 1211 3638 LXVI.
1248 3589 1288 3638 De
1310 3590 1407 3640 iureiu-

382 3658 586 3706 miasamautem
603 3656 672 3705 hano
689 3657 869 3722 iuterrogatio
920 3656 1000 3706 raudo
1023 3657 1134 3706 Socratis
1162 3671 1209 3721 per
1231 3656 1359 3707 Iunonem
1380 3673 1407 3706 v.

382 3740 454 3774 uem:
484 3720 500 3790 ἡ
525 3720 647 3788 ῥητορικὴ
670 3723 731 3786 περὶ
760 3726 785 3773 τί
802 3743 820 3772 τ.
845 3720 867 3772 ὅ.
919 3724 1030 3789 Apolog.
1049 3724 1146 3774 Socrat.
1163 3741 1188 3789 p.
1205 3720 1247 3774 24.
1264 3725 1296 3774 E.
1316 3725 1407 3790 ibique

384 3810 402 3841 τ.
415 3784 496 3852 οὖσα,1
514 3792 644 3841 Platonici
655 3793 779 3841 sermonis
797 3807 868 3841 more
920 3800 1007 3842 annot.

383 3860 472 3910 iteruri
498 3876 560 3909 mox
582 3875 598 3908 a
621 3858 738 3908 Socrate:
767 3860 808 3909 ἴθι
835 3855 867 3924 δή

304 3972 307 3977 .
382 3944 425 3987 μοι
453 3923 593 3991 ἀπόκριναι
616 3944 637 3975 κ.
663 3945 681 3975 τ,
707 3928 728 3975 ί.
775 3927 869 3990 Itaque
953 3927 984 3975 E.
1020 3925 1147 3978 Παίουε
1174 3922 1318 3980 τούτους
1343 3925 1408 3995 -,·]

382 4011 437 4055 nos,
462 4011 513 4059 quo
538 3994 622 4058 magis
645 3999 745 4059 pateret
767 3999 869 4043 seuten—
920 3993 954 4042 H.
967 4010 988 4043 e.
1004 3997 1077 4043 ποῖοί
1092 3993 1162 4044 εἰσιν
1179 3984 1260 4052 οὗτοι,
1278 3996 1342 4058 περὶ
1360 3991 1409 4049 oda

382 4065 475 4112 tiarum
493 4063 567 4124 ratio,
589 4067 648 4126 post
666 4058 783 4128 τυγχάνει
801 4053 868 4110 οὖσα
920 4060 1004 4120 ουτως
1025 4062 1093 4112 Nam
1107 4061 1226 4111 iteranda
1242 4066 1283 4112 eat
1299 4077 1409 4129 praepo·

382 4129 560 4196 interrogandi
599 4135 686 4178 uotam
725 4129 867 4194 posuimus.
920 4129 979 4178 sitio
998 4128 1265 4194 reolopraeoedenti
1281 4131 1409 4183 undeno.

383 4198 476 4247 Latine
500 4199 567 4247 haee
592 4197 674 4262 possis
692 4196 797 4246 reddere
816 4198 869 4246 sio:
919 4198 949 4246 P.
972 4193 1031 4247 450.
1055 4198 1091 4246 A:
1124 4193 1140 4262 ἡ
1168 4195 1270 4263 ίατροιή
1295 4193 1350 4262 ἄρα
1373 4224 1411 4239 -··

384 4265 543 4329 Agedum,
561 4255 716 4329 quoniam
734 4271 764 4314 te
783 4265 867 4314 artie
920 4265 981 4327 περὶ
1000 4261 1093 4330 λόγους
1111 4263 1179 4314 ἐστί·
1202 4262 1264 4315 Ναί.
1290 4262 1367 4321 Tm
1412 4296 1414 4301 ·

384 4330 575 4382 rhetoricae
613 4334 760 4397 peritum
795 4347 868 4382 esse
920 4330 1028 4395 περὶτὰ
1048 4331 1357 4403 νοοήματαςΜθΙσιψ

384 4398 483 4462 dicia,
512 4401 545 4449 in
574 4416 715 4465 quanam
744 4415 777 4450 re
800 4400 868 4450 rhe·
920 4400 955 4451 0:
973 4396 1119 4467 γιγνοίοιιω,
1138 4391 1396 4465 oddmdmffl
