3242 5259
495 617 551 674 ΑΙ)
573 617 756 676 (1011111111
777 618 981 677 PLATONIS.
1208 623 1245 679 19

223 790 255 843 11
283 785 370 858 longe
399 786 593 860 pulcherrima
609 789 614 797 '
630 791 660 845 et
687 787 816 844 omnium
850 787 1006 846 utilissima
1034 788 1169 846 habenda
1196 788 1243 846 sit.

222 872 257 929 P.
280 870 351 928 478.
374 871 526 928 1.-(1.
569 870 652 933 Quae
673 872 698 929 si
719 892 789 932 vera
808 879 891 944 sunt,
913 892 993 944 cum,
1020 871 1071 950 qui
1097 873 1173 930 male
1200 875 1243 930 fa-

222 961 337 1014 ctorum
358 956 456 1013 nullas
477 975 584 1031 poenas
604 958 683 1028 luat,
706 958 835 1015 omnium
855 957 1048 1014 miserrimum
1069 978 1132 1015 esse
1158 959 1243 1016 facile

222 1049 353 1116 apparet
397 1041 473 1098 Nam
494 1043 734 1119 quemadmodum
760 1043 801 1113 is,
831 1043 881 1119 qui
902 1042 987 1117 plane
1015 1062 1074 1099 uon
1102 1048 1242 1115 aegrotat,
1276 1036 1279 1040 Δ

222 1126 337 1184 beatior
358 1131 404 1183 est
424 1146 466 1196 eo,
488 1127 539 1203 qui
560 1147 592 1184 se
613 1128 773 1185 sanandum
795 1133 886 1198 curat,
914 1134 1014 1185 contra
1033 1127 1163 1184 miserior
1182 1128 1242 1199 ille,

221 1211 281 1288 qui,
304 1231 397 1288 quum
411 1213 511 1268 morbo
533 1211 630 1289 aliquo
644 1213 763 1282 laboret,
785 1217 883 1270 tamen
904 1232 935 1269 se
956 1212 1066 1269 medico
1083 1213 1242 1269 curandum

220 1295 402 1367 non’tradit,
425 1315 513 1373 quam
534 1295 567 1366 is,
589 1296 640 1374 qui
662 1316 680 1353 1
700 1298 776 1353 malo
797 1296 977 1367 vindicatur,
998 1297 1041 1354 ita
1057 1297 1242 1355 beatissimus

220 1387 268 1439 est
289 1381 342 1458 qni
363 1381 446 1437 nulla
465 1381 579 1438 laborat
592 1381 681 1438 animi
695 1382 854 1456 pravitate;
876 1381 945 1438 huic
961 1382 1109 1456 proximus
1124 1382 1242 1440 videtur

220 1466 273 1543 qui
296 1468 333 1523 ab
355 1465 407 1523 1111
427 1465 599 1537 vindicatur,
621 1468 675 1523 hoc
696 1472 748 1537 est,
770 1466 821 1543 qui
835 1471 978 1537 monetur,
1001 1466 1167 1540 castigatur,
1188 1487 1241 1541 pu-

219 1551 317 1621 nitur3
348 1550 491 1624 pessimus
518 1557 615 1608 autem
643 1550 880 1629 miserrimusque
909 1551 1037 1608 omnium
1064 1552 1168 1609 merito
1188 1552 1240 1607 ha-

219 1638 309 1694 betur
329 1635 388 1706 ille,
410 1635 469 1712 qui,
491 1655 582 1713 quum
603 1635 750 1711 improbus
769 1635 955 1712 iniustusque
977 1636 1024 1707 sit,
1046 1636 1127 1693 nulla
1147 1655 1241 1711 poena

220 1721 383 1794 castigatur
404 1726 434 1778 et
455 1721 491 1777 ad
512 1720 660 1778 meliorem
681 1725 809 1778 mentem
838 1725 991 1778 revocatur
1017 1720 1140 1797 ideoque
1162 1726 1240 1779 aeta-

219 1810 280 1864 tem
302 1805 385 1878 degit
411 1804 493 1864 vitiis
521 1804 690 1883 inquinatus
719 1805 904 1882 maximoque
924 1807 1016 1875 malo,
1045 1806 1100 1862 hoc
1121 1811 1167 1863 est
1187 1806 1240 1862 im·

218 1890 366 1966 probitate
396 1895 426 1948 et
453 1889 613 1961 iniustitia,
643 1895 786 1948 oneratus.
838 1889 979 1952 Quocirca
1006 1894 1121 1948 tantum
1150 1892 1240 1962 abest,

219 1982 254 2034 ut
275 1975 327 2052 qui
349 1975 458 2032 iustam
485 1994 607 2050 poenam
635 1975 795 2032 facinorum
823 1995 941 2032 suorum
969 1974 1114 2048 effugiunt
1141 1975 1240 2033 felices

218 2059 406 2136 praedicandi
429 2059 499 2130 sint,
530 2065 564 2117 ut
588 2060 742 2117 miserrimi
770 2061 899 2117 omnium
928 2060 1054 2117 habendi
1075 2060 1238 2118 videantur.

219 2147 251 2202 P.
276 2145 347 2203 478.
370 2145 401 2201 0.
416 2177 459 2186 -
474 2146 544 2202 479.
566 2146 600 2201 E.
635 2147 698 2202 Iam
720 2145 752 2203 si‘
766 2165 804 2202 ex
825 2144 869 2216 iis,
897 2164 971 2221 quae
994 2145 1143 2219 disputata
1161 2151 1239 2215 sunt,

220 2229 407 2287 aestimemus
414 2246 424 2300 ,·
444 2249 588 2306 quaenam
609 2229 647 2287 111
667 2229 825 2288 rhetorices
846 2229 973 2299 utilitas,
996 2249 1031 2286 ea
1051 2229 1137 2304 plane
1158 2230 1241 2286 nulla

221 2335 285 2372 esse
305 2314 462 2374 videbitur.
506 2315 607 2372 Solent
634 2313 711 2371 enim
733 2320 860 2373 oratores
889 2319 981 2372 artem
1009 2333 1092 2371 suam
1112 2315 1238 2389 plerum·

224 2419 282 2475 que
303 2399 439 2456 adhibere
468 2399 504 2455 ad
533 2399 697 2456 excusanda
724 2405 776 2458 aut
805 2399 986 2457 defendenda
1012 2418 1061 2469 ea,
1089 2398 1238 2475 (111111111-

220 2486 310 2559 probe
331 2488 361 2542 et
382 2483 490 2540 iniuste
511 2484 588 2541 facta
609 2488 694 2553 sunt,
717 2490 747 2542 et
767 2504 858 2560 quum
879 2483 1025 2553 homines,
1048 2481 1072 2539 si
1094 2488 1237 2557 saperent,

220 2588 292 2640 sese,
314 2574 350 2626 ut
362 2568 474 2625 medico
495 2567 526 2624 in
539 2568 646 2626 morbis
662 2568 795 2644 corporis,
817 2568 859 2626 ita
879 2567 967 2624 iudici
981 2566 1013 2622 in
1026 2566 1133 2624 morbis
1149 2566 1237 2623 animi

219 2653 364 2711 curandos
384 2653 623 2731 castigandosque
645 2673 698 2710 sua
719 2658 821 2728 sponte
842 2650 977 2710 tradituri
1000 2655 1111 2722 essent,
1144 2651 1187 2708 illi
1209 2651 1238 2708 id

162 2794 166 2799 .
219 2740 343 2797 student
363 2738 490 2808 efficere,
520 2743 554 2796 ut
574 2737 754 2796 inveteratus
781 2736 942 2795 iniustitiae
970 2737 1088 2793 morbus
1110 2735 1239 2793 animum

218 2825 323 2881 reddat
352 2823 551 2880 exulceratum
579 2828 667 2900 atque
696 2822 902 2881 insanabilem!
925 2822 1094 2898 -Itaque
1116 2821 1157 2891 ei,
1187 2821 1238 2898 qui

220 2909 358 2966 iniuriam
380 2907 443 2965 aliis
464 2907 572 2966 inferre
592 2927 651 2964 non
672 2909 758 2978 solet,
787 2909 867 2964 haud
888 2926 957 2964 sane
978 2925 1114 2980 magnam
1135 2906 1239 2963 afferre

220 2998 316 3068 potest
336 2992 479 3051 rhetorice
501 2992 672 3063 utilitatem,
701 2993 725 3051 si
753 2995 837 3051 modo
865 2992 927 3049 ulla
955 2997 1001 3050 est
1027 2991 1090 3049 eius
1116 2990 1244 3049 utilitas

220 3079 251 3135 P.
276 3084 347 3136 480.
370 3081 406 3136 A.
427 3110 471 3119 -
493 3081 562 3134 481.
584 3078 617 3135 Β.

283 3247 343 3303 Hic
369 3265 439 3306 1110
466 3246 598 3304 Callicles
625 3245 829 3316 Atheniensis,
865 3246 970 3320 hospes
997 3244 1120 3318 Gorgiae
1149 3247 1238 3321 atque

221 3330 292 3402 Poli,
312 3332 400 3388 homo
421 3330 597 3406 reipublicae
618 3332 760 3405 gerendae
787 3329 949 3401 studiosus,
978 3329 1028 3406 qui
1051 3330 1154 3386 Polum
1176 3330 1238 3386 ani-

221 3416 379 3475 madvertit
398 3417 436 3473 ad
457 3415 606 3474 silentium
625 3435 689 3474 esse
710 3416 874 3486 redactum,
896 3415 973 3472 ultro
994 3433 1154 3472 sermonem
1175 3432 1237 3470 sus-

224 3500 295 3574 cipit
306 3520 467 3578 magnoque
489 3520 555 3558 cum
576 3500 665 3558 animi
687 3501 797 3559 ardore
809 3519 940 3558 caussam
960 3499 991 3555 in
1012 3498 1166 3556 discrimen
1187 3499 1237 3555 ad-

222 3585 338 3643 ductam
358 3586 436 3644 tuen'
458 3591 585 3644 conatur.
614 3586 700 3643 Dicas
722 3585 801 3657 mihi,
823 3584 929 3662 inquit,
952 3604 968 3641 o
990 3584 1115 3653 Socrate,
1136 3588 1237 3641 utrum

221 3674 250 3726 te
271 3671 473 3729 existimemus
494 3690 572 3728 nunc
593 3671 667 3729 serio
688 3671 777 3748 loqui,
806 3690 844 3727 an
865 3689 934 3730 vero
955 3669 1055 3726 ludere
1077 3688 1110 3725 10
1129 3667 1237 3725 iocari?

221 3753 336 3831 Quippe
363 3756 481 3816 111111
508 3760 577 3815 sunt
604 3760 678 3834 quac
705 3762 739 3813 tu
768 3755 854 3826 (11011,
883 3774 979 3812 nonne
999 3754 1063 3814 vita
1087 3753 1238 3811 hominum

220 3840 305 3914 plane
328 3860 429 3900 111111
451 3840 506 3900 erit
527 3861 684 3919 omnesque
704 3839 883 3900 videbuntur
910 3840 1004 3897 facere
1026 3838 1169 3897 contraria
1188 3837 1233 3909 iis,

221 3944 294 4001 quae
316 3926 381 3982 fieri
408 3925 557 4001 oporteat?
600 3927 654 3984 Oui
676 3925 807 3983 Socrates
835 3925 990 4000 respondet
1016 3922 1235 3999 philosophiam,

220 4014 253 4068 ut
273 4011 317 4068 ita
346 4016 508 4081 statuatur,
537 4011 639 4090 utique
662 4012 782 4069 suadere
804 4016 835 4068 et
854 4011 940 4085 plane
962 4009 1103 4082 flagitare.
1147 4007 1236 4064 Cuius

219 4115 277 4152 vox
299 4100 330 4153 et
359 4096 505 4154 sententia
532 4096 589 4153 nisi
616 4097 822 4169 redarguatur,
850 4095 996 4151 hominem
1024 4094 1118 4168 ipsum
1144 4091 1237 4149 rideri

219 4199 316 4236 secum
344 4201 404 4238 non
440 4180 604 4252 concinere,
640 4183 690 4240 sed
725 4200 777 4256 per
811 4184 903 4238 totam
939 4178 1031 4238 vitam
1067 4177 1236 4251 discrepare.

219 4265 249 4322 P.
267 4270 339 4323 481.
364 4268 521 4324 c-laa
543 4267 576 4323 B.
605 4265 679 4323 Tum
700 4285 769 4323 1110
791 4264 931 4334 Callicles,
953 4263 1126 4337 reprehenso
1148 4261 1237 4318 nimio

219 4350 343 4425 Gorgiae
374 4356 405 4409 et
425 4350 489 4408 Peli
516 4353 640 4426 pudore,
670 4371 727 4428 quo
755 4350 830 4407 falsa
851 4347 1054 4418 concesserint,
1084 4347 1238 4404 discrimen

221 4436 260 4495 ait
281 4436 520 4495 constituendum
540 4457 603 4495 esse
623 4437 702 4494 inter
728 4435 848 4508 legem
870 4428 986 4509 (νόμον)
1015 4436 1103 4509 atque
1131 4437 1237 4505 natu·
1329 4487 1334 4500 ,

997 4545 1036 4596 2*
