3242 5259
543 581 600 638 dl)
620 579 807 641 (308OEss
828 578 1032 640 rumara
1259 586 1296 640 15

284 750 1060 914 smannens
1083 762 1298 911 snm

285 925 422 982 iuuenum
440 941 507 978 csse
527 920 608 978 viros
626 921 759 977 letantes
777 921 890 993 erigus
910 934 940 977 et
960 932 1141 981 smtnrure.
1166 920 1298 998 adeoque

287 1007 619 1077 commodestcmgst,
647 1016 681 1062 ur
710 1005 816 1081 siqu
842 1004 1101 1076 rdGomissrel
1129 1006 1192 1079 ipss
1219 1024 1298 1064 erre·

287 1089 1298 1163 rerintidrditindiosreetcorrigemmodoontionisam·

287 1176 557 1252 bsgcsevitmtur.
598 1173 678 1232 nan
704 1174 1298 1250 maurelinoerrugandirelrcspon·

286 1262 367 1323 dcndi
393 1260 516 1338 optione
541 1258 631 1316 Polus
658 1259 780 1334 suscipit
805 1268 904 1333 par-tes
930 1259 1136 1332 interrogandi
1192 1259 1298 1337 Itaque

285 1348 431 1406 &natam
457 1352 556 1418 rogat,
584 1362 742 1421 quamnam
768 1354 862 1402 ortem
889 1343 1053 1402 rhetorioen
1080 1362 1145 1402 msc
1171 1354 1297 1404 oemsao

286 1429 673 1491 Rasna—som
700 1428 1296 1503 Respondetillesibieamuiderinou

286 1522 372 1578 ortem
391 1534 475 1584 esse,
502 1514 554 1572 scd
575 1533 662 1571 nsum
680 1514 827 1590 quendam
847 1513 1054 1571 aerumnose
1080 1513 1233 1573 collectum
1253 1526 1297 1574 ut·

286 1621 335 1680 que
361 1599 503 1678 petitimn
528 1598 640 1672 patine
667 1606 699 1655 et
725 1598 886 1673 voluptatis
912 1597 1123 1668 conciliandae,
1158 1612 1191 1658 ur
1218 1599 1297 1658 inter

288 1685 458 1747 mutiens
479 1684 616 1742 instituta
634 1684 814 1740 numeranda
833 1683 881 1741 sit
909 1684 982 1740 Esse
995 1692 1094 1741 antem
1113 1702 1179 1741 cum
1198 1696 1297 1743 oerrset

287 1771 370 1831 civilis
392 1768 518 1828 rationis
539 1767 712 1843 (nomm)
740 1768 900 1842 particulae
927 1767 1113 1826 simulacrum
1142 1768 1298 1827 admodum

287 1861 370 1933 torpa
397 1855 434 1913 P.
458 1858 530 1910 462.
551 1854 585 1911 R
606 1885 649 1892 —
669 1857 741 1910 463.
762 1852 799 1910 Ι).
840 1851 924 1915 erse
944 1853 1205 1931 sententiamque
1226 1854 1298 1912 Polo

288 1937 771 2017 perspicuaestctGorgiseipsi
799 1938 955 1996 tummim
980 1938 1112 2009 videon,
1139 1948 1298 1998 uteumu

291 2024 395 2084 &uate
425 2023 527 2099 cupiat
561 2021 716 2079 dilucidius
745 2023 893 2098 explicari.
956 2023 1062 2101 Itaque
1089 2024 1222 2083 Socrates
1256 2023 1299 2083 siu

285 2111 371 2185 pergit
392 2109 556 2185 disputas„
597 2107 682 2165 Duae
702 2114 781 2178 sunt,
802 2108 914 2186 inquit,
935 2109 1027 2166 nostri
1047 2119 1161 2184 partes,
1183 2108 1297 2168 unimus

285 2200 312 2254 ot
330 2214 451 2270 corpus:
481 2212 521 2250 ex
540 2191 647 2269 qmlrus
675 2193 792 2270 utrique
820 2213 873 2250 sua
899 2201 945 2251 est
964 2193 1117 2264 valetudo,
1146 2194 1194 2252 vcl
1221 2194 1299 2253 bonu

284 2279 330 2338 illa
349 2285 441 2357 atque
469 2291 608 2354 prospera
636 2275 686 2334 vel
712 2278 789 2334 mula
817 2284 847 2336 et
874 2297 968 2352 aegro.
1011 2279 1172 2357 Utriusque
1199 2286 1298 2338 autem

284 2364 371 2438 partis
390 2363 505 2422 sanitas
526 2362 638 2420 artibus
658 2362 832 2439 quibusdam
853 2373 949 2438 potest
969 2364 1017 2422 vel
1030 2363 1107 2422 effici
1122 2364 1170 2422 rel
1184 2372 1297 2422 susten·

285 2448 337 2506 tari
363 2455 455 2526 utque
490 2446 664 2505 conservari
721 2447 798 2506 Sunt
833 2448 911 2504 enim
945 2467 1022 2525 quae
1057 2467 1160 2522 corpus
1194 2466 1297 2505 sunm

281 2538 446 2608 praestent,
483 2537 554 2590 sunt
579 2531 668 2589 etiam
696 2551 771 2609 quae
800 2532 889 2588 animi
918 2531 1074 2590 sanitatem
1102 2538 1240 2589 nentur
1266 2540 1298 2592 et

279 2617 449 2676 restituunt
474 2617 515 2674 let
534 2635 600 2674 eam
619 2616 738 2693 quidem
758 2623 859 2686 artem,
881 2634 957 2694 quae
976 2617 1013 2673 od
1034 2615 1164 2674 animum
1176 2620 1297 2692 spectat,

281 2701 445 2760 civilem
463 2696 637 2777 (πολιτικήν)
659 2701 787 2776 appell0;
816 2701 896 2758 illam
917 2720 1002 2772 vem,
1030 2719 1106 2778 quae
1134 2701 1171 2759 ud
1193 2721 1297 2778 eorpus

280 2786 429 2855 refertur,
456 2805 511 2845 non
530 2805 649 2860 possum
676 2786 718 2843 sic
738 2804 796 2842 uno
818 2785 933 2843 nomine
962 2786 1218 2862 comprehendere,
1246 2788 1298 2847 sed

281 2869 409 2946 corporis
424 2870 589 2940 curationis,
610 2890 685 2948 qnae
700 2889 759 2927 unu
773 2876 826 2941 est,
847 2870 920 2929 duas
934 2891 1010 2947 pono
1024 2871 1189 2948 particulas,
1209 2891 1298 2932 uuum

286 2960 373 3021 artem
394 2955 687 3031 gymnasticam,
707 2955 889 3013 medicam
910 2957 1039 3014 alteram
1076 2956 1178 3016 Civilis
1198 2967 1298 3017 autem

283 3039 402 3098 rationis
431 3039 534 3098 itidem
562 3041 633 3096 duas
662 3039 792 3097 discerno
820 3047 934 3116 partes,
963 3061 1052 3099 nuum
1079 3049 1171 3101 artem
1200 3043 1297 3117 legum

282 3124 513 3195 scribendarum,
543 3144 618 3202 quae
640 3143 678 3181 ex
699 3125 791 3183 altera
811 3132 894 3201 purte
915 3127 1070 3202 respondet
1089 3127 1297 3205 gymrostioae,

282 3209 400 3271 alteram
422 3208 575 3267 ementium
595 3209 766 3281 iudicialem,
788 3210 1010 3286 respondentem
1030 3212 1110 3269 illum
1128 3211 1297 3272 medicinae.

282 3293 318 3353 ut
343 3294 401 3352 hue
431 3294 549 3372 quidem
578 3302 655 3352 artes
682 3313 751 3353 vere
779 3302 883 3353 curant
909 3296 957 3355 vel
978 3297 1103 3372 corporis
1130 3296 1179 3356 rel
1207 3296 1295 3357 animi

284 3377 409 3438 salutem
455 3378 513 3436 Sed
534 3378 570 3436 iis
589 3378 789 3438 fraudulenter
809 3400 840 3438 se
862 3381 1018 3439 admiscere
1039 3381 1134 3439 solent
1153 3386 1294 3458 quattuor

289 3462 401 3522 miras
423 3464 462 3521 ab
484 3462 649 3522 adulatione
671 3465 815 3538 profecta,
838 3485 912 3542 quae
933 3486 992 3524 non
1013 3465 1138 3525 sulutem
1158 3464 1293 3537 hominis,

290 3545 333 3604 seo
349 3549 533 3624 voluptatem
553 3553 694 3624 spectant,
715 3568 810 3627 neque
832 3549 944 3608 ratione
966 3550 1100 3610 cntueri
1122 3549 1295 3626 cognitione,

285 3631 327 3689 sed
346 3632 409 3692 solo
432 3652 490 3690 usu
511 3639 542 3691 et
562 3633 769 3692 exercitatione
799 3633 944 3693 nituntur.
988 3637 1063 3693 Nam
1092 3635 1148 3695 arti
1168 3635 1296 3696 medioue

283 3714 413 3776 adiunxit
435 3717 563 3776 adulatio
592 3737 749 3795 coquorum
769 3718 938 3791 artificium
967 3720 1164 3798 gymnasticae
1186 3721 1297 3782 addidit

282 3818 456 3876 mangonum
476 3802 600 3874 fraudes,
623 3803 673 3881 qui
695 3804 818 3860 colorem
838 3805 905 3861 fuco
931 3809 962 3863 et
982 3824 1085 3863 verum
1105 3807 1193 3865 robur
1214 3805 1295 3865 inani

280 3885 378 3959 sagina
398 3886 597 3958 mentiuntur;
627 3887 683 3945 arti
705 3888 792 3962 legali
814 3888 918 3947 adiecit
939 3889 1140 3966 sophisticam
1169 3890 1295 3969 denique

279 3967 411 4030 iustitiae
438 3971 602 4030 rhetoricen
632 3971 765 4030 comitem
794 3973 913 4032 addidit.
955 3973 1038 4036 Quae
1066 3975 1091 4033 si
1119 3995 1188 4034 vera
1216 3981 1294 4046 suut,

280 4061 401 4131 apparet
422 4056 646 4114 rhetoricen
675 4076 757 4115 esse
779 4058 946 4133 speciem
966 4059 1075 4137 quasi
1103 4060 1295 4137 quandam

277 4146 395 4218 atque
417 4142 584 4200 umbram
605 4141 795 4201 scientiae
817 4141 938 4215 illins,
961 4163 1053 4222 quae
1074 4143 1113 4202 in
1135 4143 1296 4203 iustitio

254 4215 442 4284 'colenda
464 4227 682 4304 tuendaque
704 4232 899 4299 versatur,
922 4228 1170 4287 mentientem
1191 4228 1295 4288 illam

278 4314 395 4388 atque
419 4329 499 4367 cum
519 4311 930 4379 fraudessimulautem
959 4331 1073 4370 verae
1095 4312 1193 4372 artis
1223 4313 1295 4374 vir-

277 4399 384 4455 tutes
408 4399 525 4473 atque
552 4395 793 4472 dignitatem
837 4395 981 4462 Quoniam
1009 4400 1107 4460 autem
1135 4397 1190 4461 hae
1218 4404 1295 4463 ortes
