3242 5259
547 610 731 670 GORGIAS.
753 611 787 670 P.
809 615 881 669 463.
902 611 947 670 ed.
970 610 1013 671 st.
1173 640 1175 645 ·
1238 615 1296 670 133

279 779 369 839 καλῶ
389 772 443 839 καί
472 776 532 858 τήν
558 795 594 857 με
623 770 829 857 κομμωτικὴν
855 773 908 838 καί
927 772 987 857 τὴν
1007 777 1214 858 σοφιστικήν,
1235 772 1299 839 τέτ-

280 897 365 954 ταρα
384 881 487 936 ταῦτα
507 872 603 954 μόρια
632 870 683 936 ἐπὶ
709 870 853 952 τέτταρσι
873 875 1065 956 πράγμασιν.
1096 873 1122 935 εί
1144 867 1205 936 οὖν
1224 874 1299 954 βού-
1334 861 1362 930 (l

279 978 367 1035 λεται
400 973 517 1045 Πῶλος
546 970 791 1045 πυνθάνεσθαι,
820 970 1058 1035 πονθανὲσθω·
1087 973 1127 1035 οὐ
1153 971 1215 1053 γάρ
1247 992 1297 1034 πω

277 1069 449 1146 πέπυσται,
471 1068 587 1132 ὁποῖόν
609 1091 691 1151 φημι
721 1067 781 1151 ἐγὼ
809 1078 866 1152 τῆς
886 1070 1052 1143 κολακείας
1079 1068 1194 1150 μόριον
1214 1062 1298 1132 εἶναι

278 1168 339 1251 τὴν
362 1159 640 1251 ῥητορικήν,,ἀλλ’
663 1167 763 1230 αὐτὸν
784 1165 904 1250 λέληθα
925 1173 1016 1232 οὔπω
1037 1164 1296 1248 ἀποκεκριμένος,

278 1269 297 1331 6
326 1265 361 1330 δὲ
391 1265 594 1348 ἐπανερωιρλ,
630 1265 657 1327 εί
685 1266 724 1329 οὐ
752 1265 853 1330 καλὸν
879 1266 1021 1349 ἡγοῦμαι
1050 1259 1141 1329 εἶναι.
1172 1263 1234 1347 ἐγὼ
1261 1262 1296 1328 δὲ
1381 1268 1383 1275 ’

279 1366 367 1447 αὐτῷ
398 1365 459 1428 οὐκ
487 1363 723 1446 ἀποκρινοῦμαι
749 1365 923 1445 πρότερον,
952 1364 1013 1428 alra
1040 1365 1140 1427 καλὸν
1165 1363 1226 1426 εἴτε
1247 1364 1293 1426 αί-

278 1464 378 1547 σχρὸν
406 1463 546 1546 ἡγοῦμαι
574 1456 658 1526 είναι
688 1462 748 1544 τὴν
775 1461 966 1545 ῥητορικήν,
995 1461 1072 1543 πρίν
1100 1461 1141 1525 ἀν
1166 1465 1295 1542 πρῶτον

278 1562 517 1644 ἀποκρίνωμαι,
538 1559 556 1624 ὅ
577 1583 607 1622 τι
627 1557 722 1624 ἐστίν.
744 1561 784 1624 οὐ
805 1560 868 1642 γὰρ
888 1561 1024 1636 δίκαιον,
1046 1551 1073 1624 ὦ
1095 1564 1204 1624 Haila·
1226 1559 1295 1623 ἀλλ’

261 1662 366 1742 ἐἴπερ
388 1659 498 1740 βούλει
518 1656 695 1734 πυθέσθαι,
718 1656 836 1738 ἐρώτα,
858 1659 974 1724 ὁποῖον
994 1659 1109 1741 μόριον
1127 1668 1184 1742 τῆς
1203 1663 1295 1723 κολα-

277 1761 365 1832 κείας
393 1755 475 1839 φημί
507 1751 589 1820 εἶναι
618 1754 677 1838 τὴν
705 1757 888 1839 ῥητορικήν.
944 1759 1055 1820 ΠΩΛ.
1082 1751 1217 1836 Ἐρωτῶ
1243 1757 1294 1841 δή,

278 1856 332 1921 καί
355 1856 537 1934 ἀπόκριναι,
559 1853 675 1918 ὁποῖον
694 1855 816 1936 μόριον.
859 1856 935 1918 Eli.
952 1843 1013 1936 Ἆρ’
1036 1849 1097 1919 οὖν
1118 1855 1158 1918 ἀν
1178 1857 1296 1939 paeon
1316 1867 1348 1930 D

278 1952 559 2036 ἀποκρινομένους
593 1949 661 2016 ’ἔστι
688 1952 749 2034 γὰρ
776 1953 798 2035 ἡ
828 1951 979 2036 ῥητορικὴ
1005 1952 1085 2016 κατὰ
1121 1955 1179 2017 τὸν
1217 1954 1295 2037 ἐμὸν

278 2055 378 2133 λόγον
398 2056 561 2133 πολιτικῆς
581 2051 699 2133 μορίου
721 2051 860 2114 εἴδωλον.
899 2053 1009 2115 mast.
1038 2053 1076 2114 Τί
1096 2045 1174 2126 οὖνς
1195 2053 1296 2117 καλὸν

278 2204 373 2254 Thom.
399 2205 469 2269 Mag.
493 2203 520 2251 in
543 2219 567 2253 v.
592 2199 720 2264 ὀψοποιόν
749 2208 774 2251 et
800 2219 862 2252 mss.
886 2202 1007 2253 Aristidis
1038 2220 1069 2254 ac
1093 2203 1203 2268 Sopatri.
1227 2205 1296 2254 conf.

276 2271 397 2392 ἓθιέίιοὲι
417 2270 608 2336 adPhrynich
626 2287 651 2336 p.
669 2269 727 2322 529.
746 2269 894 2353 οιρ.464.
913 2269 1070 2322 1).465Β
1088 2271 1167 2322 OD
1189 2267 1295 2323 500.Ε.

330 2441 358 2490 C.
386 2457 465 2506 φημι
490 2437 551 2505 ἐγὼ
576 2445 629 2504 tris
653 2441 828 2492 κολακείας
857 2438 981 2501 μόριον
1008 2433 1182 2524 εἶναιτὴν
1206 2460 1293 2506 ρητο-

277 2507 386 2576 ρικήν]
411 2510 477 2558 Ven.
504 2508 563 2559 ΞΣ
587 2507 664 2557 Vind.
683 2506 706 2558 2.
725 2507 748 2559 6.
771 2509 841 2574 Aug.
859 2510 967 2557 Mecrm.
989 2504 1034 2574 τὴν
1059 2504 1201 2580 ῥητορικὴν
1220 2511 1294 2560 κολα-

276 2582 349 2630 κείας
367 2577 463 2639 μόριον
480 2568 558 2637 εἶναι,
577 2577 672 2627 omisso
691 2580 742 2642 τῆς.
778 2577 828 2626 Sed
846 2576 955 2626 articulo
973 2592 1049 2643 aegre
1067 2592 1164 2628 careas.

329 2675 420 2730 οὔπω
439 2674 719 2743 ἀποκεκριμένος]
745 2679 776 2727 V.
801 2675 897 2736 οὕτως,
923 2677 992 2743 quod
1015 2694 1048 2728 ex
1066 2679 1124 2728 Vat.
1141 2678 1222 2730 Goisl.
1238 2681 1297 2730 Par.

280 2834 356 2878 para.
396 2813 490 2864 Differt
513 2818 598 2863 autem
622 2810 765 2879 κομμωτικὴ
817 2813 1152 2879 omniarespondero.
1183 2815 1296 2866 Namin

280 2903 296 2936 a
315 2887 466 2948 κοσμηιικῇ,
493 2898 544 2946 qua
565 2880 703 2932 honestum
725 2898 764 2932 or·
815 2881 982 2932 coniunctivo
1006 2883 1074 2932 inest
1095 2885 1136 2933 vis
1158 2888 1184 2934 et
1199 2882 1296 2950 signifi·

277 2959 371 3003 natum
395 2951 485 3016 quaeri
512 2949 603 3000 docuit
624 2951 764 3000 Vossius
816 2951 885 3001 catio
916 2949 996 2999 intrari
1017 2952 1112 3001 exacti.
1134 2968 1159 3000 v.
1182 2951 1297 3002 Elmsl.

278 3024 319 3073 De
342 3025 436 3070 natura
459 3023 507 3070 art.
524 3019 561 3081 V,
584 3016 608 3071 9.
631 3020 655 3079 §.
672 3018 713 3069 11.
730 3047 764 3056 -
815 3017 848 3068 ad
866 3019 955 3084 Eurip.
971 3017 1039 3068 Med.
1058 3036 1083 3068 v.
1100 3017 1172 3082 215„
1193 3021 1240 3069 ubi
1257 3037 1297 3070 sa·

278 3089 333 3140 ἑπὶ
371 3085 524 3151 τέτταρσι
563 3083 762 3153 πράγμασιν.
814 3087 954 3152 gacissimc
986 3086 1135 3138 observavit
1164 3087 1230 3152 πρὶν
1263 3084 1296 3138 ἄν

278 3174 339 3208 nam
373 3155 547 3207 rhetorica
579 3161 696 3205 versatur
730 3157 791 3204 in
815 3160 940 3235 sequente
961 3156 1128 3207 coniunctivo
1149 3172 1203 3206 non
1224 3173 1297 3208 usur·

278 3225 452 3287 oratione,
495 3223 697 3288 coquinaria
732 3224 764 3272 in
815 3224 885 3289 pari,
908 3223 1297 3289 nisiinprioremcmbroad·

278 3294 385 3356 cibis,
410 3307 463 3342 ars
486 3290 670 3356 comendi'
662 3307 697 3340 rn
720 3307 765 3341 or·

278 3368 358 3414 natu
377 3360 544 3426 corporis,
570 3360 764 3424 sophistica

279 3434 310 3482 in
329 3427 644 3512 disputationibus.

330 3498 361 3548 0.
403 3492 465 3546 ἀλλ’
502 3491 605 3545 αὐτὸν
639 3493 765 3561 λέληθα

280 3564 370 3617 οὔπω
402 3561 681 3630 ἀποκεκριμένοι]
710 3562 765 3613 sed

277 3635 385 3687 latuit
402 3648 473 3682 eum
490 3647 538 3681 me
560 3632 705 3682 nondum
727 3630 765 3681 ad

280 3705 363 3754 haec
395 3699 622 3765 respondisse.
672 3699 765 3750 Monui

280 3778 384 3838 propter
412 3768 680 3831 Fiudeisenium,
721 3768 766 3833 qui

279 3840 415 3906 vulgarem
427 3837 564 3889 lectionem
582 3835 664 3889 οὕτως
674 3852 766 3900 sequu-

282 3918 322 3958 tus
341 3910 536 3971 interpretatu:
565 3906 621 3956 sed
645 3921 680 3954 oo
702 3920 766 3954 non

281 3976 447 4042 opinante
495 3973 545 4023 sic
590 3972 766 4039 respondi,

281 4043 337 4095 sed
378 4058 448 4093 mea
482 4042 658 4107 responsio
693 4041 766 4091 eius

283 4111 617 4178 exspectationem
638 4125 767 4194 supera·

283 4184 339 4230 vit.
400 4181 441 4230 De
480 4178 593 4244 perfecto
629 4174 766 4242 ἀποκεκρι-

287 4250 351 4299 οθαι
379 4254 435 4297 tum
463 4248 548 4298 active
582 4253 637 4298 tum
664 4245 767 4311 passive

230 4375 233 4383 p
286 4315 451 4384 significante
468 4332 493 4365 v.
512 4322 600 4366 annot.
617 4313 692 4380 adp.
709 4312 767 4365 453.

286 4387 371 4436 D.—
389 4378 767 4449 πρλνάνπρῶτονάπο-

287 4458 463 4519 κρίνωμαι,
482 4453 768 4520 priusquamantc

816 3293 850 3342 sit
866 3289 980 3356 negandi
996 3299 1041 3342 aut
1051 3291 1238 3357 prohibendi
1217 3295 1297 3359 srgni-

815 3360 910 3411 fieatio.
951 3358 1027 3440 01106
1048 3367 1212 3425 praeceptum
1241 3363 1297 3426 qui-

815 3427 865 3478 bus
876 3428 976 3477 caussis
994 3434 1020 3477 et
1033 3428 1177 3479 rationibus
1189 3430 1296 3492 nitatur,

816 3496 966 3546 acutissime
995 3497 1137 3561 explicavit
1166 3498 1197 3548 G.
1221 3499 1297 3548 Her·

816 3580 919 3614 mann.
942 3564 1090 3616 incensat.
1103 3565 1163 3615 edit.
1180 3566 1296 3617 Elmslei.

816 3649 840 3698 p.
859 3630 917 3684 350.
934 3632 974 3681 ed
991 3633 1062 3717 Lips.

850 3701 883 3749 D.
915 3691 975 3763 Ap’
1008 3693 1067 3751 cdv
1101 3697 1145 3750 ἀν
1174 3698 1297 3762 μα’θοιε

817 3764 1120 3836 ἀποκριναμένοω]
1155 3785 1191 3820 sc.
1226 3769 1299 3831 ἐμοῦ.

816 3837 903 3886 Verba
919 3837 1096 3903 intelligendi,
1119 3837 1231 3899 sciendi,
1253 3855 1298 3889 au·

817 3904 905 3954 diendi
922 3920 983 3954 cum
1000 3907 1115 3971 genitivo
1134 3907 1249 3957 construi
1265 3907 1298 3957 ad

816 3974 905 4037 Remp.
923 3974 944 4022 l.
961 3990 986 4038 p.
1004 3971 1061 4025 194.
1075 3974 1219 4024 docuimus.
1236 3974 1300 4025 Sen-

817 4042 898 4092 tentia
923 4043 988 4092 haec
1011 4048 1062 4092 est:
1092 4043 1172 4094 Num
1194 4043 1299 4109 igitur

817 4126 864 4159 mc
890 4108 1072 4175 intelliges
1100 4111 1299 4176 responden-

819 4178 901 4227 tcmi
919 4176 965 4226 Du
982 4177 1052 4227 coiret
1043 4178 1130 4230 ίιίοαίι
1146 4179 1300 4230 ιοοίιίνιοίκα

818 4248 933 4296 Ααίωονί
949 4245 1132 4296 νινείοίιικ2

853 4315 1021 4379 πολιτικῆς
1057 4316 1176 4377 μορίου
1206 4314 1297 4379 εἴδω-

820 4381 889 4446 λον]
919 4382 1061 4444 Quintil.
1083 4383 1147 4433 Inst.
1173 4382 1242 4434 Orat.
1266 4386 1300 4449 11,

820 4449 868 4515 15,
889 4448 930 4502 25.
957 4450 1084 4502 adhunc
1110 4450 1198 4503 locum
1220 4455 1300 4520 respi-
