3242 5259
546 603 601 660 AD
623 600 806 662 condunt
827 600 1031 660 PLATONIS.
1258 607 1297 661 59

276 772 354 831 Eum
368 790 441 830 vero
456 771 570 848 Olymp.
580 776 628 841 89,
644 775 721 828 2.-
682 810 721 826 ...
731 773 791 828 423
806 771 906 829 aOhr
921 774 1075 830 venustate
1089 771 1212 830 iuvenili
1226 773 1296 830 emi·

278 856 381 914 nnieee
401 875 496 935 eoque
515 855 633 914 nomine
653 856 807 914 admodum
832 856 924 914 fuisse
945 856 1122 915 celebratum
1072 861 1187 915 umsat
1188 857 1214 914 is
1233 876 1298 933 per·

277 940 401 1017 spicitur
414 959 432 1000 e
444 940 549 1018 Vespis
563 940 768 1016 Aristophanis
782 959 857 1000 vers.
871 942 909 1000 97
919 960 1008 1019 seqq,
1021 960 1095 1019 quae
1110 942 1211 1000 fabula
1223 946 1299 1000 teste

279 1025 448 1101 argumenti
461 1025 598 1102 soriptore
620 1044 654 1084 eo
670 1044 746 1084 anno
767 1031 833 1085 aeta
853 1031 906 1084 est.
934 1026 1037 1103 Neque
1051 1025 1125 1083 nihil
1144 1026 1283 1084 facere
1254 1047 1298 1084 ιι-

279 1112 369 1170 detur
381 1111 421 1169 ad
441 1109 691 1170 communiendam
708 1109 787 1168 illius
806 1110 969 1169 sententiae
993 1111 1080 1168 fidem
1101 1115 1132 1170 et
1144 1109 1298 1170 auctorita-

279 1201 349 1266 tem,
372 1196 451 1273 quod
471 1215 499 1272 p.
514 1195 586 1254 472.
600 1196 638 1253 A.
651 1195 749 1253 Nicias
771 1199 802 1253 et
814 1195 1008 1254 Aristocrates
1026 1196 1163 1255 videntur
1175 1195 1207 1252 in
1221 1195 1298 1254 vivis

279 1279 439 1352 numerari,
453 1298 577 1358 quorum
590 1280 715 1339 altennn
722 1280 836 1357 Olymp.
845 1285 894 1352 91,
906 1286 933 1338 4.
943 1300 983 1332 =
992 1285 1052 1339 413
1061 1301 1086 1339 a
1095 1282 1163 1339 Chr.
1169 1279 1298 1356 periisse,

280 1366 410 1424 alterum
431 1364 545 1442 Olymp.
561 1368 611 1436 93,
626 1369 654 1422 3.
670 1385 711 1418 =:
726 1370 787 1424 403
809 1384 835 1422 a
850 1365 917 1423 Chr.
931 1365 1071 1442 supplicio
1085 1367 1221 1425 effectum
1235 1384 1298 1424 esse

280 1449 369 1509 certis
390 1455 505 1509 οοιιιιιι
517 1449 720 1508 historicorum
732 1450 915 1522 testimoniis,
936 1471 964 1510 ι.
986 1451 1151 1528 Thucyd.
1173 1451 1241 1521 VII,
1260 1454 1296 1508 18

280 1554 364 1613 seqq.
377 1535 477 1594 Plut
492 1534 552 1594 Vit
565 1534 629 1592 Nic
645 1538 726 1594 a28.
742 1539 772 1593 et
785 1535 948 1612 Thucyd.
963 1536 998 1607 V,
1010 1540 1056 1594 19.
1066 1541 1114 1596 24.
1127 1535 1298 1612 Xenoph
1358 1528 1361 1533 ’

280 1619 362 1678 Hell.
383 1620 409 1689 I,
432 1625 461 1692 3,
483 1623 532 1677 29.
553 1619 664 1677 Verum
684 1618 763 1678 enim
782 1639 852 1679 vero
873 1620 942 1680 licet
962 1621 1034 1679 haec
1051 1621 1147 1680 omnia
1166 1622 1210 1681 ita
1223 1640 1299 1679 com·

279 1709 384 1780 perata
398 1703 468 1775 sint,
489 1709 525 1763 ut
544 1703 680 1782 colloquii
693 1723 808 1762 scenam
830 1705 862 1762 iu
875 1705 943 1764 belli
958 1705 1194 1782 Peloponnesiaci
1215 1706 1301 1765 initia

279 1789 486 1848 conferendam
507 1807 570 1848 esse
590 1791 712 1865 probare
725 1789 890 1862 videantur,
911 1795 1010 1849 tamen
1030 1809 1084 1849 nec
1104 1811 1197 1867 pauca
1219 1797 1297 1864 sunt,

278 1893 356 1953 quae
374 1892 438 1932 non
456 1873 552 1932 levem
572 1892 609 1931 ea
634 1874 670 1932 de
691 1891 722 1933 re
743 1873 875 1933 iniiciant
895 1876 1105 1934 dubitationem
1127 1882 1215 1955 atquc
1238 1877 1297 1934 alia

278 1959 377 2017 omnia
388 1959 541 2017 suadeant
562 1958 694 2017 Pertinet
714 1959 773 2017 huc
785 1960 919 2035 primum
941 1961 1018 2038 quod
1039 1981 1066 2036 p
1084 1966 1153 2019 434.
1171 1963 1205 2019 Ε
1227 1967 1297 2020 486.

281 2044 313 2102 Β.
328 2063 411 2122 seqq.
426 2049 498 2119 etp.
514 2048 585 2101 493.
597 2043 632 2101 Ε.
652 2044 812 2119 complures
826 2064 929 2104 versus
949 2065 987 2103 ex
1000 2045 1149 2121 Euripidis
1170 2046 1300 2122 Antiope

278 2129 448 2199 recitantur,
455 2127 498 2187 ita
495 2127 677 2218 quidemut
664 2127 750 2187 tinde
763 2130 851 2188 etiam
862 2148 998 2204 magnam
1011 2135 1125 2206 partem
1133 2131 1299 2205 argumenti

278 2214 397 2272 fabulae
411 2204 623 2287 cognoscamus,
637 2214 673 2271 de
688 2232 747 2290 qua
760 2214 836 2273 dixit
824 2216 937 2289 t.Aug
953 2215 1145 2274 Matthiae
1166 2216 1297 2292 Euripid.

281 2298 352 2374 Opp.
376 2298 410 2356 Τ.
432 2297 488 2355 In
515 2317 543 2373 p.
567 2298 605 2356 72
627 2317 707 2376 seqq.
758 2301 833 2356 Eam
859 2318 929 2359 vero
957 2301 1087 2358 fabulam
1113 2321 1173 2359 non
1201 2302 1297 2371 multo
1368 2321 1370 2326 ·

280 2389 347 2441 ante
368 2384 468 2441 Renes
482 2381 695 2459 Aristophanis,
718 2383 747 2441 la
763 2404 787 2442 e.
808 2404 867 2441 non
888 2385 963 2443 mult
950 2390 980 2443 to
1001 2391 1070 2443 ante
1084 2385 1198 2462 Olymp.
1207 2391 1255 2456 93,
1266 2392 1293 2443 3.

283 2488 322 2521 .-.
347 2473 410 2526 406
434 2486 459 2525 a.
481 2467 548 2526 (λιι.
570 2487 598 2525 n.
621 2468 734 2526 ᾱοοιιιιιι
754 2489 818 2527 esse
837 2474 920 2544 patet
948 2489 986 2526 ex
1005 2475 1102 2528 annot.
1123 2469 1296 2527 scholiastae

280 2553 316 2611 ed
337 2553 414 2611 Rau.
436 2571 511 2612 vers.
528 2557 585 2625 35,
606 2551 658 2611 ubi
679 2572 730 2611 cur
748 2553 780 2611 in
793 2553 884 2611 Bauis
898 2555 1090 2624 Andromeda,
1112 2554 1170 2611 iam
1185 2553 1296 2613 diutius

279 2637 310 2696 in
330 2657 450 2696 scenam
470 2637 623 2712 producte,
651 2656 706 2696 nec
733 2638 830 2714 potius
859 2637 933 2696 aliae
961 2639 1126 2712 tragoediae
1147 2638 1296 2715 Euripidis

280 2741 375 2798 nuper
395 2723 513 2781 demum
533 2726 614 2782 acteo
636 2728 805 2799 carpantur,
835 2722 881 2780 his
902 2723 1000 2782 verbis
1020 2724 1192 2783 declaravit.
1226 2724 1300 2782 Τῶν

280 2803 452 2866 καλλίστων
472 2800 639 2885 Εὐριπίδου
662 2802 811 2888 δριῖμιιι
793 2829 813 2885 η
831 2801 1039 2887 'pAvdposs'da
1069 2806 1120 2867 διὰ
1146 2830 1176 2868 τι
1172 2804 1232 2866 ’δὲ
1252 2805 1297 2886 μὴ

282 2885 354 2950 ἄλλο
383 2911 415 2951 τι
443 2894 519 2950 τῶν
545 2888 617 2970 πρὸ
640 2885 773 2970 ὀλίγου
802 2888 1085 2969 διδαχθέντιον
1111 2915 1161 2951 και
1189 2894 1297 2966 καλῶν,

282 2970 524 3052 Ὑψιπύλης,
550 2975 789 3051 Φοινισσῶν,
814 2971 1049 3055 Ἀντιόπης
1070 2973 1143 3055 ἥδε
1155 2972 1294 3080 Ἀνδρο-

281 3056 363 3137 atde
385 3054 526 3141 ὅγδόῳ”
507 3079 562 3120 nu
584 3059 709 3138 (Olymp.
733 3067 782 3132 91,
805 3061 846 3136 4.)
874 3065 1030 3140 προῆκται.
1059 3057 1121 3121 ἀλλ’
1146 3057 1182 3121 οὐ
1202 3081 1295 3121 συκο-

281 3141 424 3224 pennu}
450 3119 488 3221 ἦν
518 3140 558 3204 τοὶ
584 3149 721 3205 τοιαῦτα.
763 3143 828 3204 Iain
854 3167 924 3207 vero
950 3148 1080 3224 Antiopa
1107 3148 1132 3207 si
1160 3153 1226 3207 ecta
1253 3153 1300 3207 eet

280 3231 360 3289 intra
373 3230 490 3308 Olymp.
506 3231 555 3300 91,
572 3234 600 3290 4.
615 3235 646 3288 et
659 3230 773 3308 Olymp.
789 3236 838 3302 93,
855 3236 937 3290 3.-
897 3272 937 3281 -
953 3236 1061 3290 413ι
1030 3252 1046 3290 e
1048 3237 1136 3290 t406
1151 3234 1298 3304 achan,

279 3315 349 3374 lieet
367 3332 474 3374 revera
493 3313 644 3391 aliquanto
664 3321 731 3390 post
752 3315 866 3393 Olymp.
890 3321 939 3387 91,
962 3323 1004 3387 4.,
1025 3318 1147 3376 fortasse
1168 3323 1300 3376 extrema

280 3400 397 3477 Olymp.
427 3403 478 3458 92.
507 3399 556 3458 vel
576 3398 696 3458 ineunte
726 3399 847 3477 Olymp.·
863 3406 927 3472 93,,
955 3401 987 3458 in
1016 3420 1131 3459 scenam
1159 3403 1300 3477 producta

280 3484 432 3557 rideatur,
453 3483 563 3542 mentio
585 3483 672 3542 huius
692 3485 825 3556 fabulae,
853 3486 1024 3560 praesertim
1051 3491 1112 3544 tem
1132 3485 1242 3544 diserta
1270 3489 1300 3544 et

280 3569 405 3646 copiose,
427 3586 586 3647 sanequam
606 3568 764 3646 plurimum
785 3570 877 3628 officit
897 3585 999 3628 eornm
1019 3571 1134 3643 rationi,
1156 3571 1207 3649 qui
1227 3571 1299 3629 Gor·

281 3653 348 3729 gius
366 3653 517 3728 dialogum
544 3651 576 3710 in
596 3654 712 3732 Olymp.
734 3659 791 3726 88,
815 3658 843 3712 2.
867 3675 908 3705 τε
932 3658 991 3713 427
1020 3657 1071 3714 vel
1091 3660 1206 3733 tempus
1233 3655 1299 3713 fini-

279 3738 386 3798 timum
411 3736 602 3798 reficiendum
635 3757 698 3797 esse
727 3739 860 3798 arbitrati
888 3744 965 3798 sunt.
1024 3741 1081 3798 Sed
1108 3742 1175 3817 plus
1210 3741 1299 3800 etiarn

280 3822 472 3883 dubitationis
500 3822 627 3882 efferunt
660 3842 734 3901 quae
768 3840 796 3899 p.
827 3827 896 3881 519.
924 3826 961 3882 Α.
995 3825 1031 3884 de
1060 3825 1211 3885 Alcibiade
1241 3824 1298 3883 dis·

278 3913 426 3968 seruntur.
469 3906 613 3982 Tangitur
640 3908 719 3966 Ueien
746 3908 788 3967 ibi
816 3927 876 3965 ιιοιι
904 3910 1024 3968 obscure
1052 3909 1164 3969 invidia
1190 3909 1234 3967 illi
1264 3915 1300 3968 ut

280 3993 393 4052 homini
413 3992 475 4051 iam
493 3992 525 4050 in
547 3992 695 4068 republica
715 3992 873 4051 clarissimo
895 3994 1035 4065 conflata,
1065 3993 1300 4072 quandoquidem

280 4079 414 4138 Socrates
443 4077 564 4136 deeius
592 4079 710 4136 fortuma
730 4083 864 4136 metuens
892 4080 965 4136 haec
992 4079 1028 4136 de
1049 4099 1084 4137 eo
1105 4084 1156 4139 vat
1144 4079 1298 4138 ticinatur.

279 4167 336 4264 quei
358 4157 426 4221 δι”
408 4179 482 4267 speie
504 4157 703 4239 ἐπιλήψονται
723 4160 772 4220 και
787 4165 843 4221 τοῦ
861 4159 887 4238 ἐι
889 4167 938 4221 ιοῦ
950 4155 1082 4270 ἑταίρου
1082 4157 1295 4236 Ἀλκιβιάδου,

278 4241 353 4308 ὅταν
380 4268 430 4306 και
458 4241 543 4307 τὰ
525 4252 637 4327 ορχαῖα
665 4242 915 4348 apoganclldsout
944 4244 1019 4326 πρὸς
1047 4239 1092 4316 οἷς
1122 4242 1297 4324 ἐκτήσαντο,

280 4325 334 4391 ccix
349 4324 495 4392 αἰτίων”
478 4352 575 4391 οντων
596 4334 776 4404 ιιῦνκακιόν,
799 4325 887 4389 ἀλλΗ
878 4328 951 4400 aba<
966 4328 1137 4390 συναιτίων.
1167 4333 1300 4391 Accessit

280 4423 382 4484 ιιιιοιιι
402 4416 569 4485 Alcibiades
591 4418 628 4486 ed
648 4376 856 4506 rempublicam
884 4435 943 4485 ιιοιι
971 4423 1038 4483 ante
1061 4417 1174 4503 Olymp.
1198 4424 1247 4495 90,
1274 4421 1298 4482 l.
