3242 5259
550 619 732 679 GORGIAS.
752 620 786 679 P.
809 624 879 678 468.
900 620 946 679 ed.
968 620 1011 679 st.
1226 624 1284 680 153

275 787 353 866 λιμα
381 779 404 864 ᾗ
433 791 546 858 ταῦτα,
577 783 763 865 βουλόμεθα
792 783 941 862 πράττειν
967 782 1061 859 αὐτοί,
1091 782 1232 864 βλαβερὰ
1252 783 1286 848 δὲ

276 885 357 945 ὄντα
380 882 421 945 οὐ
441 882 635 963 βουλόμεθα.
655 881 695 944 τὰ
714 880 776 962 γὰρ
796 879 906 962 οὶγαθόι
926 880 1127 963 βουλόμεθα,
1158 879 1202 957 ὡς
1222 876 1287 965 φῂς

276 981 334 1056 ού,
367 977 408 1042 τὰ
428 976 462 1042 δὲ
482 981 559 1062 μήτε
580 971 689 1060 όγαθὰ
710 981 786 1062 μήτε
806 977 890 1042 κακὰ
911 979 952 1041 οὐ
972 978 1176 1060 βουλόμεθα,
1211 979 1286 1044 οὐδὲ

275 1079 315 1141 τὰ
343 1078 439 1140 κακοί.
465 1069 486 1159 ἦ
517 1082 597 1158 γόος
632 1069 741 1160 α’ληθῆ
761 1090 813 1140 σοι
833 1079 919 1143 δοκῶ
937 1073 1055 1159 λέγειν,
1088 1068 1237 1154 ὦΠῶλε,
1266 1077 1286 1160 ἢ

276 1181 333 1252 οὓς
369 1175 408 1238 Ti
428 1174 490 1239 οὐκ
509 1169 693 1255 α’ποκρίνεις
733 1178 839 1239 nnn.
871 1178 1008 1256 Ἀληθῆ.
1049 1177 1123 1238 Est.
1157 1177 1288 1241 Οὐκοῦν
1309 1179 1341 1242 D

277 1275 366 1355 εἴπερ
380 1283 482 1337 ταῦτα
496 1272 725 1356 ὁμολογοῦμεν,
748 1272 837 1346 εἴτις
851 1267 1028 1336 ἀποκτείνει
1045 1271 1117 1336 τινὰ
1136 1272 1156 1355 ἢ
1178 1270 1287 1355 ἐκβαλ-

276 1376 323 1435 λει
353 1369 389 1435 ἐκ
409 1373 530 1446 πόλεως
549 1370 570 1453 ἢ
592 1366 772 1453 ἀφαιρεῖται
791 1373 951 1454 χρήματα,
983 1371 1043 1434 εἴτε
1062 1372 1222 1452 τύραννος
1242 1371 1288 1436 ὢν

277 1471 338 1533 εἴτε
353 1470 468 1552 ῥήτωρ,
490 1470 635 1551 οἰόμενος
654 1473 787 1553 ἄμεινον
807 1463 890 1532 εἶναι
909 1468 1005 1556 αὐτῷ,
1027 1471 1175 1552 τυγχάνει
1195 1470 1228 1535 δὲ
1248 1465 1288 1536 όν

278 1569 404 1644 κάκιον,
427 1558 522 1642 οὗτος
541 1568 647 1651 δήπου
668 1573 754 1632 ποιεῖ
772 1570 792 1631 il
812 1567 901 1632 δοκεῖ
921 1567 1016 1654 αὐτῷ.
1038 1560 1058 1649 ἦ
1078 1569 1157 1649 γόρ;
1181 1571 1287 1632 ΠΩΛ.

279 1668 359 1730 Ναί.
409 1667 481 1729 Est.
512 1654 583 1745 'Ap'
611 1660 672 1730 οὖν
697 1666 751 1730 καὶ
776 1667 797 1729 ἃ
827 1667 991 1747 βούλεται,
1024 1665 1111 1747 εἴπερ
1140 1669 1288 1750 τυγχάνει

277 1774 380 1828 ταῦτα
407 1762 490 1827 κακὰ
517 1767 612 1840 ὄντας
646 1765 684 1828 Ti
705 1766 765 1829 οὐκ
786 1763 954 1846 α’ποκρίνει
961 1790 970 1840 3
1009 1767 1116 1827 ΠΩΛ.
1141 1758 1227 1828 Ἀλλ’
1249 1769 1288 1829 οὔ

277 1886 333 1946 μοι
362 1863 452 1927 δοκεῖ
475 1867 580 1926 ποιεῖν
601 1856 623 1924 δι’
642 1863 799 1944 βούλεται.
843 1865 917 1926 Est.
943 1856 1062 1926 Ἔστιν
1082 1856 1143 1926 οὖν
1163 1859 1249 1938 ὅπως
1271 1864 1289 1929 ὁ

277 1970 425 2035 τοιοῦτος
445 1958 527 2043 μέγα
547 1961 682 2024 δύναται
703 1958 738 2024 ἐν
757 1970 796 2043 τῇ
818 1960 908 2025 πόλει
927 1963 1035 2043 ταύτῃ,
1058 1961 1145 2042 εἴπεο
1165 1958 1230 2024 ἐστὶ
1250 1960 1287 2025 τὸ
1309 1965 1339 2030 Ε

276 2057 359 2140 μέγα
395 2058 557 2122 δύνασθαι
590 2052 719 2140 ἀγαθόν
749 2080 779 2122 τι
812 2058 893 2122 κατὰ
920 2055 980 2142 τὴν
1008 2055 1069 2140 σὴν
1097 2058 1288 2141 §salopiam

328 2270 358 2319 O.
396 2269 436 2319 Τί
455 2265 513 2319 οὐκ
535 2265 748 2336 ἀποκρίνου]
770 2271 853 2322 Prave
875 2271 940 2321 hsee
963 2270 1084 2321 videntur
1105 2287 1139 2321 ex
1163 2271 1289 2336 proximis

277 2339 328 2389 huc
346 2339 453 2388 invecta
470 2354 534 2388 esse.

329 2408 362 2455 D.
398 2405 432 2455 εἴ
451 2423 500 2459 τις
517 2402 719 2455 ἀποκτείνει
737 2403 824 2472 τινὰ]
848 2407 917 2457 Vett.
934 2406 1005 2456 editt
1023 2402 1056 2473 ἦν
1074 2424 1092 2455 τ.
1110 2401 1250 2470 ἀποκτείνῃ
1269 2424 1289 2455 τ.

277 2474 330 2524 Sed
348 2471 383 2539 ἢν
401 2472 489 2524 nullus
509 2472 597 2537 codex,
615 2474 806 2524 coniunctirum
823 2475 974 2540 paucissimi
991 2481 1103 2524 tuentur.
1129 2475 1196 2525 Nam
1212 2476 1291 2524 etiam

276 2559 325 2607 pro
338 2542 411 2608 vulg.
427 2539 544 2607 ἐκβάλλῃ,
563 2538 704 2608 ἀφαιρῆται
717 2549 743 2593 et
759 2540 869 2609 τυγχάνῃ
887 2543 1002 2608 plerique
1019 2557 1108 2592 omnes
1125 2557 1185 2592 eum
1202 2542 1289 2592 Glsrlr.

278 2618 306 2660 et
323 2611 384 2660 Vat.
402 2609 572 2660 indicativum
590 2610 794 2675 suppeditarunt.

332 2674 476 2739 ἄμεινον
493 2671 580 2728 εἶναι
597 2675 697 2745 αὐτῷ]
716 2674 759 2729 'sic
771 2678 860 2745 optimi
875 2684 901 2728 et
917 2678 1023 2743 plurimi
1038 2677 1107 2729 libri.
1132 2677 1218 2745 Vulgo
1236 2684 1291 2728 erat

279 2739 350 2796 εἶναι
368 2743 438 2812 αὐτῷ
456 2742 570 2805 ἄμεινον.
605 2747 761 2812 scripsimus
778 2753 864 2798 autem
881 2742 951 2814 αὐτῷ
969 2763 1028 2797 eum
1043 2746 1201 2813 Hirsehigio.
1223 2747 1289 2797 conf.

280 2831 305 2880 p.
323 2812 383 2865 468.
401 2816 430 2863 Β.
449 2809 558 2873 ἄμεινον
575 2806 643 2863 εἶναι
660 2812 731 2882 ἡμῖν.

330 2884 362 2932 Ε.
389 2881 403 2931 ἐ
413 2901 427 2930 ν
444 2885 479 2947 τῇ
497 2878 589 2932 πόλει
607 2879 720 2950 ταύτῃ]
739 2882 885 2933 Findeisen.
897 2889 924 2932 et
939 2884 1089 2933 Buttmann.
1107 2880 1182 2948 ταύτῃ
1200 2881 1291 2934 abesse

278 2951 420 3014 malebant,
439 2949 491 3000 sed.
509 2967 533 3003 v.
552 2965 612 3000 ann.
647 2952 710 3001 Mox
727 2968 773 3017 pro
792 2949 823 3000 ἐν
841 2947 913 3002 πόλει
929 2951 1048 3017 Hirehig.
1067 2950 1098 3001 ἐν
1115 2956 1144 3017 τῇ
1162 2969 1188 3001 π.
1206 2953 1274 3002 soni.

260 3146 314 3198 .B:
343 3140 408 3194 ἀλλὰ
434 3146 459 3194 τί
482 3144 516 3193 ἔτι
542 3140 574 3194 οὐ
597 3143 677 3211 λέγειν
699 3142 715 3193 ὅ
739 3164 760 3194 τι
810 3145 924 3212 gitabat,
948 3161 1057 3210 quarum
1079 3146 1176 3196 mentio
1194 3145 1236 3195 hic
1252 3145 1292 3195 in·

279 3218 432 3272 σκοπώμεν;
456 3211 545 3277 Lysid.
562 3228 587 3277 p.
605 3211 663 3263 211.
680 3216 718 3264 De
737 3216 763 3262 τί
811 3220 870 3280 epts
899 3219 950 3275 est,
984 3213 1071 3263 losum
1106 3213 1204 3278 aliquid
1233 3214 1292 3263 vitii

278 3273 397 3332 οόνοόκ
415 3278 528 3346 &purim
546 3280 759 3346 Aristophan.
811 3283 921 3331 traxisse
951 3281 1065 3346 putebat
1110 3281 1146 3331 At
1172 3281 1241 3332 enim
1269 3283 1292 3331 si

277 3351 416 3414 Lysistrat.
434 3365 458 3397 v.
476 3345 555 3399 1103:
578 3351 603 3398 τί
619 3345 652 3398 οό
668 3351 760 3399 καλοῦ·
811 3350 929 3400 Athenae
945 3349 1158 3415 intelligerentur,
1186 3348 1215 3397 ἐν
1233 3347 1292 3413 τῇδε

277 3435 326 3477 μεν
345 3414 409 3482 θῆτα
428 3415 474 3482 τὴν
492 3413 688 3482 Antimachum
706 3418 761 3467 Ρο·
813 3423 842 3483 τῇ
859 3414 930 3468 πόλει
948 3419 1071 3482 scriptnm
1089 3421 1164 3476 esset,
1188 3431 1241 3466 nou
1260 3415 1292 3466 ἐν

277 3486 341 3551 lyb.
360 3484 439 3545 XXI,
457 3482 498 3535 21.
518 3486 549 3533 T.
567 3485 611 3534 lv.
629 3501 653 3549 p.
672 3483 718 3536 85:
745 3481 759 3533 ό
812 3490 842 3551 τῇ
859 3482 930 3536 πόλει
948 3483 1032 3549 ταύτῃ.
1063 3483 1204 3534 Verissime
1221 3484 1291 3533 enim

279 3552 375 3604 δὲτῶν
391 3551 518 3602 Αἰτωλῶν
533 3550 650 3612 Φαινὲαε,
669 3553 704 3603 Ti
711 3545 761 3603 οὖν
812 3553 953 3604 Boeekh.
973 3554 1032 3603 Not
1055 3553 1108 3602 erit
1132 3551 1165 3602 sd
1186 3551 1291 3601 Pindsr.
1335 3591 1340 3603 .

279 3618 342 3687 ἡμῖν
377 3616 427 3670 οόκ
456 3615 604 3679 trontius,
643 3620 760 3679 Φίλιππε,
812 3637 837 3687 p.
853 3619 911 3672 381.
936 3621 1117 3684 Athenienses,
1134 3620 1226 3685 inquit,
1245 3619 1291 3669 ubi

281 3689 340 3755 ἔφη,
365 3686 507 3750 Λάρισσαν
524 3685 571 3753 τὴν
589 3685 760 3754 Κρεμαστήν;
811 3690 922 3740 Athenis
932 3695 1000 3752 sunt,
1016 3688 1105 3739 urbem
1117 3704 1191 3739 susm
1201 3687 1292 3737 dieunt

280 3775 300 3807 ιι.
319 3776 340 3806 τ.
359 3759 380 3806 λ.
416 3755 566 3822 Fingendus
584 3764 669 3806 autem
681 3757 761 3807 Polus
813 3754 890 3823 τήνδε
908 3755 956 3823 τὴν
973 3755 1063 3808 πόλιν·
1088 3759 1134 3807 ubi
1151 3772 1212 3808 vero
1231 3752 1291 3805 ταό-

280 3833 318 3875 est
341 3826 535 3890 responsionem
558 3825 611 3874 iam
633 3823 761 3887 cohibere,
813 3843 860 3891 την
883 3821 929 3891 τὴν
948 3823 1022 3876 πόλιν
1039 3827 1187 3887 nominant,
1213 3824 1293 3890 signi·

281 3895 375 3958 quippe
411 3895 456 3956 qni
490 3892 690 3954 verecundetur,
728 3909 761 3943 ne
812 3893 904 3943 fiestur
931 3894 994 3944 urbs
1022 3900 1090 3944 eei-ts
1110 3893 1186 3944 modo
1210 3891 1293 3942 obiter

279 3961 380 4026 laqueis
399 3960 540 4012 dialecticis
557 3962 694 4011 irretiatur.
812 3969 954 4013 memorata
962 3969 989 4012 et
999 3962 1031 4012 sb
1042 3962 1102 4012 sliis
1111 3960 1293 4027 distinguenda

813 4037 859 4080 sut
881 4031 999 4096 opposita
1021 4030 1079 4093 alii,
1105 4045 1172 4095 quse
1196 4029 1219 4078 si
1240 4044 1292 4078 me·

313 4099 342 4150 E.
387 4095 420 4145 ἐν
452 4100 487 4160 τῇ
520 4093 612 4146 πόλει
649 4094 759 4163 ταύτῃ]
811 4098 967 4159 morabitur,
994 4097 1093 4148 dicetur
1121 4095 1217 4163 ἐκείνη.
1252 4096 1291 4146 (li.

282 4165 312 4214 H.
343 4182 367 4215 e.
402 4165 436 4212 in
471 4165 552 4214 urbe
581 4169 678 4214 antea
705 4181 762 4213 me·
812 4183 838 4233 p.
855 4164 913 4217 469.
931 4166 966 4215 E:
992 4162 1060 4214 οὕτω
1083 4162 1150 4231 μέγα
1172 4161 1223 4230 ἐγώ
1246 4162 1292 4214 δυ’-

282 4238 424 4294 morata,
442 4233 473 4280 in
492 4247 554 4295 qua
570 4232 652 4282 talia
668 4232 762 4295 fiant,
816 4251 891 4293 ναμαι
901 4232 931 4282 ἐν
940 4230 1001 4296 τῇδε
1013 4236 1043 4297 τῇ
1057 4229 1135 4282 πόλει.
1153 4235 1181 4283 Ρ.
1191 4229 1249 4283 517.
1258 4234 1290 4283 A.

282 4301 365 4351 iader
377 4297 530 4361 Stadtdort,
544 4318 592 4350 υοα
609 4300 656 4351 der
665 4301 763 4366 [κόλλαν
813 4300 872 4354 521.
890 4301 919 4350 C.
950 4301 1028 4365 Hipp.
1051 4301 1114 4350 Mai.
1137 4316 1163 4366 p.
1180 4297 1239 4352 282.
1257 4301 1291 4352 B:

281 4368 434 4434 γυμνοτλοιι
466 4368 560 4419 κοντόν.
605 4368 763 4419 Heindor·
814 4368 994 4434 insistentis
1012 4365 1118 4420 πόλεως.
1138 4367 1293 4435 rimptt.

284 4437 365 4501 iius,
390 4437 512 4502 quonism
534 4437 566 4487 de
588 4436 698 4488 Athenis
721 4450 762 4488 eo·
813 4438 849 4486 A:
869 4436 898 4485 ol
914 4433 982 4502 τῇδε,
1000 4435 1234 4490 Athenienses.
