3242 5259
393 592 432 645 80
799 585 994 647 PLATONIS

392 750 576 832 Σώκρατες·
599 746 661 830 ἐγὼ
681 747 744 830 γὰρ
764 749 819 811 καὶ
840 749 979 830 ίσίσομαι.
1001 749 1096 829 φίλος
1110 751 1172 830 γάρ
1188 773 1243 831 μοι
1258 751 1410 830 Γοργίας,

392 840 459 921 ὥςτ’
481 845 663 924 ἐπιδείξεται
683 846 779 929 ἡμῖν,
800 846 828 908 εί
848 845 907 928 μὲν
928 847 1018 908 δοκεῖ
1025 893 1032 920 ,
1054 855 1136 921 νῦν,
1158 845 1214 910 ἐὰν
1236 847 1270 910 δὲ
1292 849 1409 931 βούλῃ,

392 943 531 1018 isandeo.
584 947 686 1007 ΚΑΛ.
722 944 760 1006 Τί
787 935 907 1018 δαί,ὧ
939 947 1128 1024 Χαιρεφῶας
1157 942 1312 1028 ἐπιθυμεῖ
1337 950 1410 1009 Στο-

391 1044 509 1124 κρσίτης
530 1042 669 1106 αἰτοῦσαι
690 1041 849 1121 Γοργίου;
882 1043 971 1103 ΧΑΙ.
990 1033 1056 1104 Ἐπ’
1085 1040 1164 1106 ίιύτό
1184 1042 1220 1124 γε’
1241 1064 1291 1105 τοι
1311 1053 1410 1107 τοῦτο

391 1142 559 1222 πάρεσμεν.
583 1140 686 1201 ΚΑΛ.
712 1139 844 1201 Οὐκοῦν
864 1133 944 1201 ὅταν
964 1139 1127 1220 βούλησθε
1148 1134 1221 1219 παρ’
1243 1138 1298 1224 ἐμὲ
1318 1139 1410 1223 ίγιτειν

391 1237 515 1300 οίκαδε·
552 1229 624 1318 παρ’
647 1232 716 1317 ἐμοὶ
735 1236 798 1317 γὰρ
821 1236 961 1317 Γοργίας
980 1238 1130 1299 καταλύει
1150 1237 1203 1301 καὶ
1225 1235 1410 1316 ἐπιδείξεται

390 1336 477 1417 ὑμίν.
508 1335 585 1397 Est.
608 1327 659 1396 Εὖ
679 1332 787 1415 λέγεις,
811 1325 1045 1407 ὦΚαλλίιτλεις.
1066 1328 1131 1396 ἀλλ’
1148 1329 1211 1413 ἆρα
1227 1334 1411 1418 ἐθελήσειεν

341 1437 368 1504 O
392 1434 432 1495 ἂν
448 1432 525 1515 ἡμῖν
541 1433 760 1514 διαλεχθῆναι;
778 1432 937 1513 βούλομαι
952 1431 1014 1512 γὰρ
1030 1431 1193 1495 πυθέσθαι
1208 1435 1283 1512 παρ’
1293 1432 1408 1510 αὐτοῦ,

441 1635 471 1683 Β.
490 1629 551 1682 ἐὰν
570 1632 606 1683 δὲ
624 1629 744 1697 βούλῃ,
764 1631 918 1698 druidis]
936 1633 996 1682 Bas.
1014 1633 1037 1682 1.
1055 1632 1079 1682 2.
1097 1633 1227 1687 ειίαῦθιε.
1245 1635 1334 1685 Clark.
1359 1637 1410 1699 (sic

392 1701 461 1750 enim
483 1701 511 1750 in
535 1701 584 1750 hoc
612 1700 715 1766 dialogo
739 1699 853 1749 diximus
876 1700 985 1762 librum,
1019 1717 1095 1765 quem
1117 1701 1182 1751 alibi
1213 1703 1409 1752 nominavimus

390 1769 572 1829 Bodleienum‚
596 1775 624 1817 ut
641 1768 828 1817 discerneretur
844 1766 877 1817 ab
900 1767 952 1817 alio
970 1768 1026 1817 cod.
1044 1768 1197 1830 Bodleiano,
1215 1786 1266 1834 quo
1284 1786 1348 1819 usus
1367 1779 1409 1820 est

391 1836 454 1884 olim
465 1835 600 1899 Routhius)
620 1835 647 1886 ds·
657 1825 745 1896 αὖθις,
764 1834 808 1883 sed
827 1835 894 1884 idem
912 1851 973 1884 mox
986 1834 1015 1884 0.
1033 1841 1059 1885 ot
1070 1851 1095 1900 p.
1107 1835 1166 1888 449.
1179 1838 1208 1886 Β.
1217 1837 1246 1888 C.
1258 1836 1299 1889 τίς
1316 1829 1408 1890 αὖθις.

391 1918 414 1955 v.
433 1903 582 1954 Schneider.
599 1904 683 1953 Praei.
702 1902 734 1951 ad
752 1903 829 1952 Polit
847 1902 867 1951 1.
884 1918 910 1966 p.
927 1903 990 1952 LIII
1007 1919 1061 1967 seq.
1140 1905 1144 1912 ’

442 1971 482 2021 Τι’
498 1968 563 2031 δαί,
583 1963 605 2020 oi
624 1969 668 2037 X.]
687 1971 719 2018 V.
738 1968 778 2026 δέ,
809 1970 878 2033 quod
896 1971 994 2019 mutavi
1011 1987 1026 2020 e
1044 1970 1132 2020 Olarlr.
1154 1986 1218 2020 corr.
1241 1978 1269 2022 et
1285 1973 1364 2022 Viud.
1384 1973 1409 2025 l.

389 2038 560 2088 Mirabundus
584 2039 652 2088 enim
671 2037 794 2087 Callicles
811 2039 960 2103 interrogat.
983 2053 1008 2091 v,
1033 2038 1066 2087 ad
1082 2038 1228 2103 Euthyphr.
1244 2055 1270 2104 p.
1287 2039 1312 2090 4.
1330 2042 1363 2091 A.
1382 2050 1409 2091 et

390 2122 456 2170 quae
473 2106 572 2156 habent
587 2104 710 2171 Apollon.
727 2106 840 2156 Gramm.
858 2122 883 2170 p.
896 2105 943 2167 84,
968 2104 1007 2156 14.
1025 2105 1112 2156 Schol.
1130 2107 1163 2155 ad
1186 2107 1317 2173 Aristoph.
1336 2110 1407 2158 Plut.

390 2173 447 2225 156.
466 2176 584 2224 Ammon.
602 2175 630 2223 in
648 2188 705 2222 voc.
725 2172 775 2222 δαί.
792 2173 881 2222 Herm.
899 2180 984 2223 tamen
1004 2171 1033 2221 δέ
1050 2175 1189 2224 revocavit.

444 2237 573 2291 Οὐκοῦν
590 2239 670 2290 ὅταν
692 2237 867 2305 βούλησθε
891 2237 960 2303 παρ’
981 2239 1042 2301 ἐμὲ
1060 2240 1161 2308 ἧκειττ]
1180 2243 1210 2290 V.
1230 2243 1323 2292 vitiose
1340 2241 1407 2305 βοεί·

389 2424 524 2474 annotavit
544 2424 578 2474 ad
601 2424 669 2473 hunc
694 2422 780 2473 locum
799 2425 871 2473 scho·
922 2441 951 2488 γε
963 2429 1037 2473 τοῦτο
1050 2421 1191 2487 πάρεσμεν.
1210 2424 1407 2491 Theag.p.l22.

389 2494 476 2543 liostcs
494 2492 641 2542 Ruhnkeni.
682 2492 767 2556 Negat
784 2499 871 2541 tumen
922 2494 961 2540 A:
982 2496 1032 2540 νῦν
1049 2483 1100 2540 orlv
1119 2490 1171 2558 ἦκτο
1190 2489 1406 2544 ε’τιάίιδταῦτα.

388 2561 608 2610 Heindoriius
628 2559 659 2608 de
676 2559 811 2624 proverbio
831 2577 871 2609 co·
960 2555 1091 2609 Οὐκοῦν
1117 2558 1197 2609 ὅτατ·
1229 2557 1406 2626 βούλησθε

388 2628 522 2694 gitandum
546 2644 616 2687 esse,
645 2636 778 2691 propterea
802 2627 871 2692 quod
921 2624 1102 2676 -σῖκαδε·
1138 2623 1208 2691 παρ’
1239 2626 1315 2688 ἐμοὶ
1345 2629 1405 2694 γὰρ

390 2697 496 2753 leodac,
524 2691 646 2745 ἀκεῖσθαι
675 2702 700 2743 et
722 2695 819 2745 similia
835 2696 871 2744 ita
922 2693 966 2757 -l
985 2695 1169 2760 Peringeniosa
1193 2702 1232 2745 est
1255 2700 1407 2746 coniectura

389 2764 546 2827 frequentari
567 2762 681 2822 soleant,
708 2770 738 2811 ut
765 2763 870 2813 omnino
922 2762 1169 2812 Hemsterhusii
1186 2763 1405 2830 adThom.Ilag.

390 2830 539 2895 significent
572 2831 720 2878 damnum
761 2846 872 2880 resar-
922 2845 942 2878 s.
960 2846 984 2878 v.
1003 2829 1041 2880 Εί
1062 2831 1207 2894 proposita,
1228 2831 1340 2896 probata
1360 2833 1407 2882 illa

391 2901 473 2960 cire,
519 2897 637 2947 malum
678 2896 788 2946 levare
829 2896 872 2946 vel
922 2897 1000 2947 etiam
1034 2897 1234 2948 Ruhnkenio
1268 2899 1302 2948 ad
1338 2901 1405 2950 Tim.

389 2966 520 3016 tollere.
538 2963 613 3026 Quod
622 2979 685 3012 num
697 2972 765 3014 reete
775 2966 871 3027 feccrit,
921 2980 946 3028 p.
955 2963 1013 3014 281.
1027 2961 1133 3022 cdxciv,
1147 2956 1244 3025 οἷ’τᾰε,
1262 2963 1404 3030 βούλεσθε.

389 3034 460 3083 nun'c
477 3048 528 3082 non
547 3031 676 3082 definiam.
699 3031 766 3082 Illud
784 3039 871 3082 tamen
921 3033 1001 3082 Recte
1012 3039 1098 3083 tamen
1107 3033 1154 3083 illa
1164 3033 1300 3098 repudiata
1311 3035 1405 3085 Hein-

389 3100 481 3161 video,
509 3115 560 3149 nou
585 3098 690 3164 illepide
713 3099 746 3149 ed
767 3116 871 3165 prover·
922 3099 1055 3149 dorfius
1077 3116 1123 3165 pro
1140 3098 1276 3164 βούλεσθε
1293 3103 1405 3152 restituit

389 3167 461 3218 bium
480 3167 569 3218 alludi.
922 3165 1071 3232 βούλησθε,
1106 3168 1176 3232 quod
1211 3167 1273 3218 libri
1300 3169 1405 3234 plurimi

922 3236 1063 3299 optimique
1092 3235 1278 3298 exhibuerunt,
1317 3253 1405 3302 quam·

424 3300 635 3364 ἐπιδείξεται
676 3296 763 3367 ἡμῖν]
800 3317 870 3351 nunc
921 3318 999 3366 quam
1015 3307 1039 3351 is
1062 3302 1146 3352 locum
1168 3305 1255 3354 minus
1278 3313 1350 3355 recte
1367 3307 1405 3356 sic

389 3371 494 3434 ponitur
523 3373 579 3419 sine
608 3383 672 3418 oasu
700 3368 808 3431 obiecti,
843 3378 872 3419 ut
921 3371 1117 3435 interpretatur:
1156 3372 1242 3437 Ergo
1273 3373 1405 3437 quando

388 3437 456 3487 idem
479 3438 514 3487 sit
529 3436 598 3502 quod
623 3434 748 3499 ἐπίδειξιν
765 3434 870 3501 ποιήσε·
921 3437 960 3487 ad
988 3454 1034 3487 me
1060 3437 1186 3506 domum
1213 3440 1261 3488 ire
1289 3441 1405 3502 vultis,

391 3523 428 3556 ται
441 3503 511 3572 ἡμῖν.
529 3508 596 3570 Apte
607 3505 871 3568 comparavitllein-
921 3504 970 3554 ibi
988 3505 1147 3570 Gorgias,
1170 3507 1198 3555 is
1216 3508 1304 3557 enim
1321 3509 1405 3574 apud

389 3575 470 3623 dorl'.
487 3571 658 3636 Aristoph.
680 3572 744 3621 Ran.
768 3588 792 3620 v.
807 3570 870 3623 772:
921 3588 967 3622 me
985 3573 1188 3636 diversatur,
1212 3573 1340 3639 ἐπίδειξιν
1358 3592 1406 3626 vo·

389 3639 432 3690 ὅτε
450 3638 482 3705 δὴ
500 3635 605 3705 κατῆλθ’
624 3635 786 3703 Εὐριπίδης,
810 3638 870 3688 ἑστε-
922 3639 973 3690 bis
991 3639 1176 3692 exhibebit.
1199 3643 1253 3694 lmo
1266 3650 1326 3707 post
1342 3641 1405 3693 ὅταν

390 3710 511 3758 δείκνυτο
530 3714 583 3759 τοῖς
600 3704 760 3758 λωποδύταις
774 3725 795 3755 κ.
811 3725 830 3756 τ.
849 3710 869 3756 λ.
922 3705 1057 3772 βούλησθε
1079 3705 1152 3774 ἥκειν
1173 3725 1219 3774 per
1240 3711 1405 3776 aposiopesin

389 3777 516 3825 Addimus
532 3774 637 3824 Lachet.
654 3790 678 3839 p.
697 3772 754 3824 179.
771 3776 811 3824 E:
838 3772 871 3824 dv
921 3777 1043 3826 reticetur
1070 3775 1206 3841 apodosis,
1235 3776 1285 3828 hoc
1310 3794 1405 3829 sensu:

391 3839 631 3904 incrementorum
646 3840 869 3903 ἐπιδεικνύμενον.
921 3844 1039 3907 Itaque
1058 3847 1147 3907 (quum
1158 3860 1199 3894 res
1216 3846 1254 3895 ita
1269 3861 1299 3896 se
1310 3845 1407 3897 lrabeat

389 3912 429 3960 De
450 3912 513 3974 Rep.
536 3910 585 3960 ΙΙΙ.
618 3926 642 3974 p.
665 3908 723 3961 395.
746 3912 777 3961 Α.
800 3911 870 3960 Prot
922 3919 949 3960 et
978 3913 1097 3961 Socrates
1133 3913 1245 3978 Gorgiae
1280 3913 1406 3964 audiendi

389 3994 413 4043 p.
430 3976 489 4032 3⁶28.
508 3979 540 4027 D.
563 3976 687 4027 Eiusdem
704 3979 806 4042 generis
831 3984 871 4026 est
921 3978 1031 4043 cupidus
1056 3980 1099 4042 sit)
1130 3980 1260 4043 quando
1289 3981 1332 4031 ad
1359 3998 1406 4032 me

388 4047 463 4096 locus
491 4045 620 4096 Aelian.
644 4045 675 4094 V.
697 4045 731 4093 H.
754 4045 800 4107 IX,
822 4043 869 4096 36:
922 4046 1045 4095 domum
1063 4049 1177 4097 venire
1199 4047 1335 4112 velitis,
1356 4065 1406 4099 ve·

390 4111 484 4178 ψάλτης
501 4110 674 4162 ἐπεδείκνυτο.
706 4113 820 4161 Aetius
837 4128 870 4161 ex
921 4114 1006 4175 nite;
1032 4114 1118 4179 apud
1146 4131 1194 4164 me
1217 4117 1306 4166 enim
1330 4118 1406 4168 Gor·

389 4180 563 4244 superioribus
592 4179 759 4244 repetendum
782 4187 871 4229 censet
921 4182 993 4247 gias
1009 4181 1290 4246 devertit(m0ratur
1298 4184 1405 4250 hospes)

389 4247 469 4296 πολλὰ
487 4248 528 4296 καὶ
548 4245 618 4297 καλοί.
646 4247 709 4295 Mox
726 4262 795 4296 unus
812 4247 870 4296 cod.
921 4255 953 4298 et
971 4255 1075 4298 artem
1098 4264 1189 4299 suam
1207 4251 1407 4303 ostentabit.

390 4314 499 4364 Bclrlrer.
521 4313 559 4364 ἐπ’
579 4310 649 4364 arico]
671 4314 700 4380 γέ
718 4332 755 4363 τοι
779 4312 869 4380 τούτῳ.
921 4317 964 4366 Sic
973 4316 1059 4366 locum
1072 4317 1287 4369 intellexitetiam
1299 4319 1407 4386 Olym·

389 4381 542 4447 Euthydem.
567 4398 593 4446 p.
610 4366 668 4432 274.
686 4384 720 4430 A:
746 4378 785 4430 ἐπ’
805 4379 868 4431 ατίτό
921 4385 1091 4448 piodorus,
1109 4385 1155 4450 qui
1171 4386 1252 4437 verba
1269 4387 1309 4437 sic
1327 4389 1406 4439 inter-
