3242 5259
547 619 603 678 ΑΙ)
624 619 808 679 GORGIAM
830 618 1033 679 PLATONIS.
1258 625 1297 678 29

278 790 303 849 01
324 809 431 848 revera
451 787 496 846 illi
516 787 585 848 boni
605 789 731 847 fuissent
751 793 879 848 01010100
900 795 930 848 01
951 789 1028 849 01100
1049 788 1182 846 0101101θο
1205 786 1299 846 reddi·

278 876 401 934 dissent.
452 874 488 930 Id
516 875 592 951 quod
622 874 710 932 etiam
739 876 774 931 de
804 874 941 951 sophistis
968 874 1011 933 ita
1037 873 1223 932 iudicandum
1245 877 1299 944 est,

278 961 330 1039 001
350 965 463 1018 1010010
477 964 700 1036 000000100101,
723 961 799 1036 quod
822 980 839 1017 a
860 959 1008 1034 discipulis
1020 959 1080 1016 suis
1101 958 1229 1017 debitam
1243 957 1299 1028 sibi

277 1043 475 1103 institutionis
496 1045 657 1116 mercedem
684 1064 743 1101 non
765 1044 907 1120 accipiant
927 1062 1022 1121 neque
1043 1044 1118 1117 grati
1139 1043 1228 1099 animi
1250 1046 1300 1102 do-

278 1129 426 1188 cumentis
455 1133 602 1188 ornentur.
631 1131 662 1186 P.
687 1133 755 1186 515.
777 1129 814 1186 D.
835 1161 878 1170 -
903 1133 971 1186 519.
994 1129 1027 1185 Ε.
1070 1128 1137 1185 Noli
1159 1128 1237 1185 euim
1257 1134 1298 1200 tu,

279 1215 433 1286 oCallicle,
447 1213 524 1271 hanc
537 1213 732 1288 sophistarum
746 1232 812 1270 cum
825 1213 896 1273 viris
909 1212 1043 1272 civilibus
1058 1212 1300 1288 comparationem

279 1319 368 1373 aegre
390 1298 481 1368 ferre3
502 1329 544 1341 —
566 1298 675 1374 quippe
694 1297 826 1355 homines
847 1299 879 1354 in
899 1297 1022 1373 publicis
1043 1303 1192 1356 versantes
1211 1317 1300 1372 nego-

278 1385 330 1443 tiis
361 1403 423 1441 ncn
449 1401 514 1439 raro
543 1382 701 1458 sophistas,
738 1387 839 1458 utpote
868 1384 948 1440 nullo
983 1382 1086 1440 meritc
1113 1382 1227 1458 publico
1252 1383 1299 1439 in-

278 1470 388 1543 signes,
411 1467 543 1545 quamvis
565 1486 664 1525 eorum
685 1467 868 1526 imbibissent
881 1466 1039 1543 opiniones,
1060 1472 1158 1525 tamen
1171 1468 1301 1526 fastuose

279 1554 515 1624 contemnebant,
536 1552 593 1627 ipsi
616 1551 676 1609 suis
696 1552 808 1610 meritis
831 1553 940 1610 scilicet
956 1551 1170 1627 superbientes,
1192 1572 1209 1610 0
1230 1572 1300 1630 quo·

274 1659 347 1716 rum
368 1656 491 1694 numero
512 1642 558 1694 est
579 1636 667 1694 etiam
689 1640 806 1714 Anytus
834 1637 865 1694 in
886 1638 981 1695 Plat.
1004 1638 1121 1694 Menon.
1145 1658 1173 1713 p.
1197 1643 1244 1694 90.
1267 1638 1300 1695 Β.

280 1743 372 1802 0000,
402 1721 454 1779 ubi
482 1721 513 1778 in
541 1721 686 1797 sophistas
713 1721 916 1799 inclementius
943 1721 1101 1780 invehitur.
1127 1754 1170 1763 -
1195 1722 1300 1801 Itaque

280 1807 432 1879 Calliclem
453 1805 586 1865 similiter
606 1808 681 1864 hane
702 1807 943 1882 comparationem
962 1806 1145 1880 indignatum
1167 1807 1303 1865 admonet

281 1893 356 1950 haec
379 1892 526 1962 Socrates,
556 1891 603 1948 his
623 1891 712 1949 etiam
732 1892 829 1951 verbis
851 1891 972 1963 additis,
1002 1890 1108 1969 quibus
1136 1911 1237 1950 rursus
1265 1893 1301 1950 de

281 1976 457 2053 sophistices
478 1982 508 2034 et
527 1976 686 2035 rhetorices
710 1977 880 2050 cognatione
893 1976 1063 2052 exponitur:
1085 1977 1195 2035 habant
1215 1976 1301 2048 enim,

281 2061 397 2139 inquit,
428 2060 589 2135 sophistae,
625 2061 676 2138 001
703 2080 766 2119 0000
794 2061 912 2120 11110110
939 2061 1092 2135 magistros
1121 2062 1301 2137 profitentur,
1347 2100 1350 2104 -

283 2154 373 2224 atque
395 2146 526 2203 rhetores
553 2145 710 2202 maximam
736 2165 806 2204 sane
836 2146 1023 2217 affinitatem
1055 2145 1127 2224 quin
1156 2147 1302 2222 sophistae

283 2231 343 2288 illis
366 2230 456 2288 etiam
484 2230 679 2305 anteponendi
707 2230 860 2289 videntur:
890 2250 958 2288 nam
978 2237 1121 2309 quantum
1149 2231 1302 2306 01010010-

285 2315 390 2374 latoria
411 2315 468 2373 arti
488 2313 617 2372 iudiciali
631 2319 760 2390 praestat
781 2322 810 2375 et
825 2316 1006 2392 gymnastica
1024 2316 1166 2387 medicae,
1187 2321 1303 2375 tantum

286 2401 431 2457 rhetorem
451 2399 601 2458 antecellit
621 2399 758 2476 sophista.
801 2401 914 2459 Neuter
940 2405 1038 2459 tamen
1066 2402 1102 2458 de
1122 2401 1221 2475 populi
1251 2407 1303 2459 aut

286 2484 493 2560 discipulorum
513 2483 659 2543 iniustitia
679 2486 789 2543 habent
818 2486 895 2563 quod
924 2485 987 2542 iure
1019 2490 1191 2561 querantur,
1220 2504 1302 2559 prae-

240 2589 243 2593 ·
286 2569 387 2628 sertim
407 2588 499 2646 quum
519 2568 591 2643 ipsis
612 2570 661 2628 vel
683 2570 809 2627 maxime
824 2569 977 2629 conveniat
998 2568 1138 2626 beneficia
1159 2587 1212 2626 sua
1224 2569 1303 2627 ultro

286 2675 318 2712 ac
339 2655 403 2713 sine
425 2654 555 2711 mercede
585 2653 649 2712 aliis
677 2653 831 2729 impertiri,
862 2653 1005 2731 siquidem
1026 2654 1116 2726 vulgo
1144 2659 1230 2729 turpe
1251 2673 1302 2711 ex-

285 2739 435 2798 istimatur
449 2737 542 2809 alteri,
562 2757 653 2814 quum
665 2739 767 2815 possis,
787 2741 938 2797 ostendere
953 2738 1037 2808 00110,
1059 2738 1201 2815 00010οό0
1215 2758 1303 2817 00010

287 2824 415 2901 optimus
435 2823 500 2880 fieri
523 2822 698 2901 optimeque·
710 2844 792 2882 suam
812 2824 874 2900 ipse
900 2843 962 2882 rem
989 2821 1175 2881 domesticam
1195 2825 1243 2883 vel
1265 2824 1303 2882 ci·

286 2909 410 2969 vitatem
431 2907 632 2966 administrare
653 2915 749 2986 queat.
771 2911 803 2967 P.
827 2914 896 2967 520.
918 2911 954 2965 A.
976 2940 1018 2949 —
1039 2909 1073 2964 E.

349 2994 434 3050 Hace
455 2992 552 3050 omnia
571 2998 725 3071 postquam
739 2993 870 3052 Callicles
891 2993 1033 3068 probavit,
1056 2994 1187 3051 Socrates
1206 3013 1303 3053 10101-

287 3078 360 3137 titur
387 3078 426 3134 ad
455 3077 655 3154 quaestionem
683 3098 771 3154 supra
798 3077 974 3154 propositam
995 3078 1180 3156 ostenditque
1206 3080 1303 3138 111010-

287 3163 383 3234 ricam,
408 3162 445 3219 de
467 3181 525 3240 qua
548 3161 656 3221 dixerit
676 3163 817 3236 Callicles,
838 3182 958 3239 pravam
980 3182 1043 3222 esse
1065 3168 1095 3222 et
1115 3163 1235 3222 vivendi
1256 3183 1303 3222 ra·

288 3248 397 3306 tionem
419 3248 512 3304 abeo
532 3247 681 3306 laudatam
700 3250 775 3306 bono
796 3249 859 3308 viro
881 3267 944 3306 0000
964 3247 1121 3322 indignam

350 3333 401 3390 Ad
420 3336 518 3389 011010
539 3331 644 3406 igitur,
664 3333 775 3410 inquit,
805 3353 852 3391 me
880 3333 1036 3391 cohortaris
1065 3333 1192 3392 civitatis
1222 3352 1303 3392 cura·

288 3415 416 3476 tionem?
438 3436 510 3473 num
523 3418 559 3474 ad
574 3418 657 3489 hanc,
680 3437 739 3495 qua
752 3418 931 3488 contendam,
953 3422 987 3476 ut
1001 3417 1196 3475 Athenienses
1216 3437 1304 3495 quam

290 3501 392 3576 optimi
404 3502 539 3579 evadant,
555 3522 593 3559 an
604 3505 640 3560 ad
655 3503 846 3561 adulatoriam
859 3502 946 3573 illam,
961 3521 1020 3579 qua
1031 3521 1132 3560 eorum
1143 3501 1303 3561 inserviens

290 3584 499 3663 cupidi-tatibus
527 3587 624 3644 omnia
652 3589 688 3645 ad
716 3589 898 3663 voluptatem
925 3586 1203 3664 delectationemque
1229 3588 1304 3646 refe-

289 3669 370 3728 ram?
392 3671 480 3728 Dicas
500 3671 581 3741 mihi,
603 3691 620 3729 0
641 3672 772 3744 Callicle,
794 3672 900 3742 libere,
923 3671 992 3749 quid
1014 3672 1131 3743 sentias,
1153 3690 1187 3729 ao
1207 3692 1304 3748 perge,

289 3756 533 3833 quemadmodum
562 3757 695 3832 coepisti,
724 3758 848 3816 fidenter
875 3775 989 3814 mecum
1016 3775 1108 3830 agere.
1158 3759 1206 3815 Ad
1232 3759 1305 3816 haec

289 3840 339 3898 ille
360 3840 435 3899 satis
455 3840 651 3916 impudenter:
673 3843 736 3916 Ego
756 3862 825 3902 1010
846 3848 876 3900 10
897 3842 1032 3899 cohortor-
1056 3842 1092 3899 ad
1114 3842 1190 3911 hanc
1209 3847 1304 3917 poste-

288 3925 395 3984 riorem
404 3925 649 3986 administrandae
660 3927 835 4003 reipublicae
842 3927 992 3998 rationem,
1005 3925 1126 4004 eiusque
1140 3927 1182 3984 101
1190 3945 1305 3986 caussas

289 4012 419 4069 afferam.
463 4010 521 4069 Sed
543 4011 673 4071 Socrates
694 4032 855 4070 sermonem
883 4012 946 4070 eius
966 4011 1154 4087 interpellans
1175 4011 1304 4070 oratione

289 4115 356 4167 sua,
379 4096 427 4154 Ne
447 4115 547 4154 rursus
567 4097 640 4155 mihi
660 4096 753 4170 dicas,
775 4097 886 4176 inquit,
916 4116 990 4174 quae
1011 4096 1070 4153 iam
1091 4094 1204 4171 saepius
1226 4102 1304 4155 attu-

288 4180 357 4253 listi,
374 4181 542 4241 ,0001001010
561 4202 607 4240 me
628 4182 793 4260 quicunque
814 4182 947 4252 10100111,
969 4201 1006 4239 00
1028 4199 1081 4254 ego
1101 4180 1230 4239 vicissim
1249 4181 1306 4240 tibi

289 4284 430 4342 reponere
452 4271 567 4325 coactus
594 4267 649 4325 sim
675 4287 750 4344 quac
777 4267 837 4325 iam
864 4267 896 4323 in
924 4265 1071 4341 superiore
1100 4284 1230 4323 sermone
1259 4286 1304 4325 re·

290 4350 403 4427 spondi.
447 4353 489 4410 At
509 4369 586 4423 1010,
606 4351 787 4429 inquitille,
817 4351 939 4408 nimium
968 4349 1085 4427 quidem
1105 4349 1176 4406 mihi
1198 4351 1306 4411 videris

290 4436 438 4505 confidere
456 4433 533 4494 nihil
551 4436 656 4503 horum
676 4436 731 4496 tibi
752 4456 883 4515 unquam
903 4439 1084 4496 eventumm.
1124 4433 1216 4500 Quasi
1235 4457 1305 4498 1010
1406 4431 1419 4477 ’-
1451 4484 1464 4497 .
