3242 5259
470 598 526 656 AD
548 598 731 657 condiant
751 596 955 656 PLATONIS.
1183 601 1222 657 47
1314 647 1316 649 ,

205 767 305 843 000011.
364 765 447 828 Quae
475 767 593 844 quidem
621 765 826 841 disputationis
857 785 922 840 pars
951 766 1019 824 licet
1053 766 1145 841 primo
1175 768 1224 824 ad-

205 857 306 928 spectu
328 852 366 909 ad
388 871 476 908 unam
497 855 612 910 tanturn
640 851 812 909 rhetoricam
833 851 1040 908 aestimandam
1062 851 1225 910 10101011-

205 939 325 1007 deatur,
355 942 454 995 tamen
474 939 556 1011 patet
583 936 653 994 item
675 935 823 1012 aliquanto
850 935 947 993 latius.
989 937 1118 995 Docetur
1146 937 1223 994 enim

205 1022 322 1096 egregie
343 1021 375 1077 in
397 1019 475 1078 omni
496 1020 575 1079 vitae
596 1039 714 1077 munere
736 1022 868 1078 obcundo
889 1021 1044 1078 tenendam
1072 1039 1134 1078 esse
1160 1021 1222 1078 vel-

205 1107 250 1165 uti
278 1106 407 1166 vivendi
435 1110 528 1163 artem
562 1106 720 1182 quandam,
758 1125 833 1182 quae
874 1125 1002 1163 summae
1037 1105 1223 1179 perfectionis

205 1192 332 1268 speciem
346 1191 378 1246 in
401 1190 511 1248 virtute
531 1189 655 1264 positam
675 1195 815 1264 perpetuo
829 1189 978 1247 intueatur
998 1209 1089 1266 00000
1110 1190 1222 1247 1011000

204 1277 334 1352 perfecto
349 1275 429 1334 vitae
450 1294 569 1331 munero
592 1273 804 1351 quamoptime
827 1274 1009 1347 defungatur.
1039 1272 1239 1351 (1001100010-

205 1381 295 1437 prope
317 1360 436 1417 accedat
456 1360 493 1416 ad
512 1358 686 1416 sententiam
708 1359 871 1415 desummo
892 1359 970 1416 vitae
984 1360 1127 1416 humanae
1149 1361 1224 1416 bono

206 1446 237 1502 in
258 1443 470 1520 pulcritudine,
499 1442 668 1519 symmetria
688 1448 718 1499 et
738 1443 861 1501 veritate
890 1438 997 1516 (κάλλει
1025 1441 1073 1500 καὶ
1107 1444 1223 1519 ’ξυμμε-

207 1528 278 1612 τρίᾳ
307 1527 356 1585 καὶ
387 1522 528 1609 (11011110)
554 1525 662 1602 000110,
697 1547 771 1603 0000
799 1527 831 1584 10
860 1527 980 1585 Philebo
1001 1548 1028 1601 p.
1053 1533 1101 1585 65.
1130 1528 1223 1602 expli-

207 1619 299 1684 catur,
321 1632 407 1670 nemo
429 1617 506 1669 certe
528 1612 583 1670 crit
604 1611 676 1688 quin
698 1612 786 1668 semel
807 1611 934 1670 mon-itus
963 1612 1025 1687 ipse
1054 1612 1139 1669 facile
1161 1613 1223 1669 ani-

206 1699 381 1757 madvertat.
419 1694 602 1773 Quamquam
623 1696 654 1752 in
676 1695 885 1769 Gorgiaideae
905 1696 974 1753 boni
995 1696 1076 1752 nulla
1097 1716 1221 1773 usquam

208 1787 260 1840 001
280 1781 455 1855 significatio
483 1781 518 1839 111
545 1780 725 1838 autmentio
746 1779 883 1838 1011011111.
925 1780 1082 1840 Enimvero
1110 1781 1140 1837 in
1168 1782 1224 1838 hoc

208 1867 327 1944 quidem
357 1884 443 1941 opere
471 1865 567 1922 omnia
594 1864 761 1939 disciplinae
783 1865 944 1922 Socraticae
965 1867 1096 1923 referunt
1124 1865 1224 1924 simili-

207 1951 341 2009 tudinem
362 1951 486 2007 necdum
506 1950 567 2006 ulla
580 1949 727 2007 doctrinae
742 1949 873 2006 idearum
885 1949 1070 2025 reperiuntur
1091 1950 1223 2023 vestigia,

208 2055 297 2113 quam
318 2035 404 2094 Plato
425 2034 582 2108 posteriore
604 2036 719 2091 demum
741 2039 836 2092 aetate
857 2034 988 2092 doctrina
1002 2034 1221 2108 Megaricorum,

208 2120 407 2178 Eleaticorum
435 2125 465 2177 et
489 2119 737 2196 Pythagoreorum
767 2119 929 2178 accuratius
957 2120 1005 2178 vel
1034 2119 1149 2195 cognita
1176 2119 1225 2178 vel

209 2206 362 2280 explorata
383 2203 544 2261 condidisse
566 2203 690 2262 videtur.

272 2292 372 2367 Atque
393 2289 466 2345 hacc
488 2288 603 2365 quidem
624 2293 669 2346 est
689 2308 801 2345 summa
822 2308 936 2360 eorum,
966 2309 1040 2367 0000
1061 2289 1149 2348 101110
1169 2290 1224 2346 hac

209 2393 324 2448 pugnae
353 2372 536 2431 contentione
558 2374 759 2431 decernuntur.
802 2374 977 2432 Examinata
1002 2374 1079 2431 enim
1107 2380 1224 2433 01000-

209 2459 306 2516 tutata
325 2456 602 2515 00000001011010
623 2457 727 2532 agendi
751 2457 893 2532 principia
912 2458 1076 2516 rhetoribus
1098 2465 1128 2516 et
1152 2459 1223 2516 viris

210 2542 345 2603 civilibus
372 2541 501 2600 novitiae
529 2541 696 2616 disciplinae
724 2542 841 2617 propria
869 2547 898 2600 01
928 2542 1097 2599 communia.
1147 2544 1223 2600 Nam

209 2627 336 2703 primum
358 2627 476 2704 quidem
496 2628 725 2685 demonstratum
755 2631 799 2684 est
834 2627 941 2699 legem,
970 2647 1044 2705 quae
1071 2626 1224 2702 prohibeat
1306 2662 1310 2666 -

210 2711 394 2782 iniustitiam,
416 2711 587 2789 neutiquam
600 2731 663 2769 esse
685 2716 785 2769 contra
798 2716 933 2768 naturam
948 2717 1113 2789 temereque
1129 2731 1222 2786 agere,

212 2797 260 2874 qui
275 2796 436 2855 constituto
449 2796 523 2870 legis
544 2800 574 2854 01
589 2802 710 2854 0010100
724 2795 888 2853 discrimine
908 2796 1017 2855 iniuste
1038 2803 1069 2855 et
1081 2797 1224 2855 violenter

213 2881 316 2955 agendi
345 2880 493 2939 licentiam
527 2888 710 2955 propugnant
737 2900 843 2957 cosque
876 2881 994 2939 miseros
1027 2889 1058 2939 01
1092 2881 1223 2938 infelices

166 2961 170 2969 ⁴
213 2985 271 3024 0000
294 2965 439 3036 dictitent,
460 2964 511 3043 qui
525 2965 633 3023 iniuste
650 2966 744 3023 facere
757 2965 860 3022 nolint.
888 2965 1001 3023 Deinde
1021 2965 1094 3024 illud
1107 2984 1223 3043 quoque

213 3057 254 3109 est
274 3049 451 3126 expositum,
474 3069 532 3106 000
554 3069 616 3107 0000
636 3049 775 3108 lubidinis
797 3057 827 3107 01
846 3050 1006 3125 voluptatis
1028 3050 1223 3125 expletionem

212 3155 259 3210 pro
281 3154 397 3193 summo
418 3136 493 3191 bono
514 3135 688 3204 ducendam,
710 3133 881 3208 praesertim
903 3154 992 3211 quum
1012 3134 1171 3191 iucundum
1193 3140 1223 3191 et

213 3221 319 3277 bonum
341 3218 421 3293 inter
439 3238 470 3276 se
490 3218 576 3293 plane
604 3217 719 3277 diversa
740 3218 812 3289 sint,
843 3223 931 3294 01000
959 3219 1014 3276 hac
1043 3219 1107 3294 ipsa
1128 3219 1223 3277 diver·

213 3305 296 3362 ritate
320 3323 387 3361 eam
407 3294 463 3361 11111
484 3302 588 3376 agendi
614 3322 744 3360 normam
764 3308 853 3380 01000
873 3303 1018 3376 regulam,
1048 3322 1107 3380 qua
1128 3302 1224 3359 omnia

213 3390 245 3446 ud
265 3390 378 3463 bonum
398 3391 548 3463 tamquam
575 3407 718 3444 summum
745 3387 890 3467 actionum
916 3389 1108 3444 humanarum
1135 3388 1224 3443 finem

211 3473 317 3531 referre
340 3472 499 3530 iubeamur.
541 3471 675 3549 Denique
696 3471 785 3529 etiam
805 3471 891 3546 plane
912 3471 1005 3529 edocti
1026 3490 1134 3541 sumus,
1155 3470 1224 3528 11001

211 3558 301 3615 bonae
315 3556 500 3631 reperiantur
514 3557 690 3631 voluptates,
713 3561 811 3614 tamen
832 3556 862 3612 in
878 3556 985 3614 artium
997 3555 1126 3613 omnium
1145 3554 1223 3611 ideo·

212 3661 265 3718 que
286 3641 379 3700 etiam
399 3640 559 3698 rhetoricae
581 3646 611 3699 et
631 3639 764 3715 politicae
785 3640 992 3710 exercitatione
1010 3659 1138 3697 summae
1159 3659 1223 3715 per-

210 3725 344 3784 fectionis
365 3724 490 3800 speciem
511 3744 573 3782 csse
594 3726 792 3799 spectandam,
816 3744 891 3800 quae
912 3725 1072 3782 necessario
1094 3724 1224 3782 ordinem

211 3817 239 3868 et
265 3813 404 3867 ornatum
432 3809 561 3886 requirat
587 3809 710 3886 ideoque
739 3809 931 3883 temperantia
960 3809 1137 3886 reliquisque
1164 3808 1223 3866 vir-

210 3894 323 3952 tutibus
345 3893 507 3950 neccssario
527 3892 664 3966 indigeat.
714 3891 828 3954 Quibus
849 3893 981 3951 omnibus
1009 3893 1133 3971 denique
1154 3892 1223 3949 effc-

210 3985 288 4051 ctum
309 3977 453 4048 videmus,
474 3982 508 4035 ut
529 3977 685 4036 confutatis
708 3977 937 4035 adversariorum
951 3977 1133 4052 opinionibus
1148 3979 1223 4033 bene

206 4063 391 4139 honesteque
412 4061 531 4121 vivendi
552 4061 715 4136 disciplina,
738 4062 895 4120 moralibus
915 4063 1038 4119 fundata
1065 4060 1222 4136 principiis,
1300 4096 1302 4099 -

207 4147 363 4206 victoriam
383 4146 575 4220 reportavisse
596 4145 789 4204 existimanda
809 4146 855 4204 sit.

272 4233 341 4289 Iam
361 4249 431 4289 vero
452 4230 498 4288 his
523 4231 565 4288 ita
590 4230 745 4304 disputatis
772 4230 840 4287 inde
861 4249 879 4286 a
898 4250 926 4303 p.
952 4233 1021 4287 513.
1042 4229 1078 4285 D.
1105 4227 1223 4285 initium

207 4317 287 4392 capit
308 4314 432 4374 tertia
453 4314 579 4390 operis
600 4333 686 4390 pars
706 4313 904 4390 primaria,
934 4332 1009 4390 quae
1030 4313 1119 4370 habet
1139 4330 1219 4370 con·

197 4401 437 4471 elusionem,
466 4399 573 4477 quippe
600 4419 692 4476 quum
719 4401 871 4469 doceatur,
900 4398 971 4475 quid
999 4417 1037 4456 cx
1064 4396 1116 4469 iis,
1145 4415 1221 4474 quac
