3242 5259
330 605 393 660 104
744 596 941 656 PLA'PONIS

328 767 411 842 ζεται
431 771 526 825 τοῦτο
555 760 591 822 τὸ
613 756 725 842 ἔργον,
753 758 833 822 ἀλλὰ
854 757 1040 832 acciditur,
1069 756 1215 833 δικαίως,
1246 753 1351 838 ὥςπερ

328 859 401 943 περὶ
429 865 488 924 τοῦ
514 858 709 938 ζωγράφου,
736 857 815 938 μετὰ
843 865 939 920 τοῦτο
971 847 1191 936 ἐπανεροίμεθ’
1220 852 1263 917 ἂν
1291 855 1351 918 τὸν

328 956 482 1039 λέγοντα,
511 956 606 1030 ποίας
632 955 671 1036 δὴ
692 959 828 1028 πειθοῦς
857 951 910 1016 καὶ
938 961 994 1034 τῆς
1014 950 1085 1032 περὶ
1113 952 1145 1014 τί
1164 957 1303 1028 πειθοῦς
1328 952 1351 1034 ἡ

277 1054 307 1118 Β
330 1054 482 1137 ῥητορική
504 1051 569 1116 ἐστι
587 1049 698 1134 τέχνης
726 1050 745 1133 ἢ
767 1052 807 1115 οὐ
828 1051 918 1114 δοκεῖΙ
942 1064 994 1114 σοι
1024 1050 1150 1113 δίκαιον
1171 1043 1255 1112 εἶναι
1275 1048 1349 1113 ἐνια-

328 1149 497 1228 νιρὲσθαι;
520 1152 615 1213 ΓΟΡ.
627 1144 768 1231 Ἔμοιγε.
790 1150 859 1210 usa
891 1148 1083 1228 Ἀπόκριναι
1098 1147 1149 1230 δή,
1172 1139 1198 1210 ὦ
1213 1152 1246 1211 Γ
1243 1148 1348 1230 οργία,

328 1248 437 1331 ἐπειδή
467 1269 503 1330 γε
532 1247 586 1312 καὶ
611 1246 663 1311 σοὶ
691 1248 781 1310 δοκεῖ
808 1243 903 1308 οὕτω.
947 1247 1043 1308 ΓΟΡ.
1080 1245 1207 1327 Ταύτης
1232 1246 1348 1309 τοίνυν

327 1356 384 1430 τῆς
404 1350 541 1419 πειθοῦς
568 1342 665 1427 λέγω,
697 1336 933 1424 exercerer,
961 1351 1017 1424 τῆς
1046 1342 1081 1406 ἐν
1107 1348 1176 1418 τοῖς
1203 1343 1348 1424 δικασυη

329 1445 410 1528 ριόις
431 1442 486 1507 καὶ
507 1440 543 1506 ἐν
562 1446 629 1515 τοῖς
648 1444 757 1515 ἄλλοις
778 1444 902 1522 ὄχλοις,
935 1437 1038 1521 ὥςπερ
1058 1439 1112 1503 καὶ
1133 1444 1206 1522 ἄρτι
1225 1437 1347 1523 ἔλεγον,

330 1539 475 1622 καὶπερὶ
495 1540 629 1616 τούτων,
652 1537 672 1600 ἄ
693 1535 757 1601 ἐστι
777 1538 887 1601 δίκαιοί
906 1559 939 1600 τε
959 1534 1014 1601 καὶ
1033 1537 1136 1600 ἄδικα.
1179 1539 1257 1601 use.
1283 1536 1345 1600 Καὶ

330 1636 393 1719 ἐγώ
422 1661 472 1702 τοι
500 1638 693 1701 ὑπώπτευον
721 1637 843 1717 ταύτην
881 1652 916 1698 οε
942 1633 1047 1716 λέγειν
1073 1633 1134 1716 τὴν
1161 1635 1266 1698 πειθὼ
1294 1635 1347 1698 καὶ

330 1735 403 1814 περὶ
429 1736 572 1806 τούτων,
605 1725 791 1815 ὦΓοργία·
824 1725 889 1795 ἀλλ’
920 1732 975 1795 ἵνα
1001 1728 1045 1814 μὴ
1074 1733 1262 1814 θαυμάζῃς,
1292 1730 1347 1796 ἐὰν

279 1829 307 1897 O
330 1834 441 1915 ὀλίγον
468 1832 603 1913 ὕστερον
630 1831 780 1895 τοιοῦτόν
809 1830 841 1893 αι’
871 1843 906 1921 οε
935 1828 1113 1912 ἀνέρωμαι,
1142 1831 1160 1892 ὃ
1182 1830 1273 1894 δοκεῖ
1290 1828 1348 1911 μὲν

379 2085 409 2133 P.
426 2081 485 2134 454.
517 2085 547 2133 Β.
581 2079 698 2148 ἐπειδή
720 2098 754 2148 ηε
778 2067 831 2130 καί
858 2081 908 2129 σοί
933 2076 972 2146 d]
999 2097 1029 2146 γι
1052 2096 1101 2129 om.
1124 2079 1196 2130 editt
1219 2085 1281 2131 vett
1305 2080 1349 2132 ad·

328 2153 493 2203 versantibus
515 2150 587 2201 codd.
611 2166 672 2200 mss.
695 2149 815 2199 omnibus
836 2154 937 2213 praeter
959 2149 1018 2198 Par.
1041 2149 1070 2197 E.
1093 2148 1164 2198 Flor.
1181 2147 1205 2199 d.
1223 2148 1241 2198 f.
1259 2164 1283 2198 ο.
1317 2149 1349 2199 In

329 2221 407 2270 Vind.
425 2218 449 2271 2.
467 2218 490 2270 6.
509 2226 548 2268 est
566 2215 656 2284 ἐπειδή
674 2235 703 2283 γε
722 2221 772 2275 σοί,
791 2217 887 2267 omisso
906 2219 957 2272 καί.

384 2352 510 2419 Ταύτης
536 2355 653 2404 τοίνυν
677 2357 733 2418 τῆς
757 2348 910 2415 πειθοῦς]
951 2351 1001 2399 Pro
1024 2352 1116 2398 τοίνυν
1137 2351 1197 2400 Vat.
1221 2351 1287 2400 Ven.
1312 2351 1343 2401 Σ.

328 2423 405 2473 Vind.
425 2421 448 2472 2.
474 2420 497 2474 7,
522 2423 580 2471 Par.
599 2421 629 2469 V.
647 2420 722 2469 Bodl.
746 2420 815 2485 Aug.
838 2420 945 2468 Meerm.
968 2418 1039 2467 Flor.
1062 2433 1085 2467 a.
1103 2417 1129 2467 b.
1146 2433 1168 2468 c.
1186 2417 1210 2467 d.
1228 2435 1263 2468 m.
1281 2436 1305 2469 o.
1322 2437 1349 2469 x.

330 2489 362 2556 δὴ
379 2492 503 2555 scriptum
520 2488 625 2538 habent
659 2489 728 2538 Dein
752 2488 826 2536 artic.
855 2492 907 2538 τοῖς
930 2491 990 2535 ante
1015 2483 1190 2550 δικαστηρίοις
1211 2501 1262 2535 om.
1282 2489 1351 2554 Aug.

328 2561 434 2609 Mearm.
451 2563 478 2608 et
494 2556 600 2607 Routhii
617 2556 691 2606 Bodi.
725 2557 807 2605 Deest
824 2552 870 2603 ille
888 2569 951 2603 sane
969 2555 1046 2602 etiam
1063 2570 1088 2618 p.
1106 2552 1164 2604 454.
1182 2555 1212 2606 E.
1230 2553 1290 2607 455.
1308 2558 1350 2618 A,

330 2771 436 2838 ἄστρων
454 2791 480 2823 τε
492 2773 534 2824 καὶ
549 2771 656 2839 σελήνης
670 2779 735 2835 φῶς.
753 2773 812 2822 Dis·

330 2842 472 2892 criminatis
500 2841 651 2891 notionibus
680 2843 719 2890 De
747 2843 809 2904 Rep.

328 2907 387 2960 389.
413 2909 448 2958 G:
472 2909 533 2972 περὶ
558 2912 601 2974 τῆς
627 2905 691 2959 νεώς
716 2925 741 2956 τε
768 2908 810 2956 καὶ

330 2981 382 3026 τῶν
402 2983 512 3025 ναυτῶν.
552 2976 612 3024 Alio
636 2975 727 3039 modo,
751 2976 810 3024 arti·

329 3043 388 3093 culo
416 3044 473 3093 loco
503 3044 587 3108 priore
612 3045 720 3105 omisso,
749 3058 810 3092 mox

329 3127 353 3176 p.
368 3108 427 3161 454.
437 3112 468 3160 E:
487 3110 518 3160 ἐν
536 3110 709 3176 δικαστηρίοις
728 3111 809 3160 τεκαὶ

331 3183 385 3228 τοῖς
404 3174 486 3230 ἄλλοις
503 3175 594 3242 ὄχλοις,
612 3186 637 3228 et
654 3196 678 3244 p.
696 3177 754 3229 455.
772 3180 809 3227 A:

331 3244 505 3310 δικαστηρίοιν
533 3264 558 3295 τε
581 3247 622 3295 καί
649 3252 701 3296 τῶν
725 3243 809 3295 ἄλλων

330 3315 425 3443 οχλίναρ.
449 3380 495 3429 ΙΧ.
534 3381 562 3429 Ρ.
585 3378 643 3431 454.
673 3380 808 3444 ἐπανορ.

330 3443 369 3495 ἄν
387 3445 443 3496 τὸν
461 3446 610 3514 λέγοντα]
636 3449 724 3497 Intell.
741 3444 807 3497 τοῦτ’

330 3508 398 3564 εἶναι
416 3512 443 3564 τὸ
462 3516 542 3581 ἔργον
559 3512 646 3579 αὐτῆς.

361 3584 390 3631 Β.
409 3579 471 3631 ἀλλ’
492 3584 547 3630 ἵνα
570 3580 611 3648 μὴ
634 3580 808 3646 θαυμάζῃς

327 3677 362 3686 -—
379 3647 460 3713 ὅπερ
479 3646 538 3714 γὰρ
558 3649 649 3716 λέγω]
667 3652 808 3700 Haecver·

328 3715 362 3765 ba
373 3718 500 3781 quomodo
513 3718 666 3781 explicanda
678 3719 737 3777 sint,
756 3734 807 3767 am-

328 3785 421 3848 bigunt
436 3786 594 3848 interpretes.
629 3786 696 3835 Nam
714 3785 808 3835 Find-

328 3852 480 3901 eisenius
517 3859 576 3900 ante
613 3848 665 3901 ἀλλ’
701 3854 743 3901 ἵνα
773 3850 808 3919 μὴ

328 3917 467 3982 ααυμοίζῃς
502 3920 699 3984 intelligendum
733 3927 808 3984 putet

328 3983 385 4050 ὅρα.
405 3986 480 4048 Quod
496 3985 551 4036 fieri
570 3986 642 4036 nullo
661 3987 735 4036 modo
753 3994 807 4051 pot-

328 4061 366 4102 est
396 4062 543 4118 propterea,
583 4054 650 4118 quod
683 4055 720 4103 ita
754 4052 805 4104 ἀλλ’

327 4119 398 4173 ὅπως
431 4118 465 4187 μὴ
499 4120 639 4186 θαυμάζῃς
669 4122 806 4171 dicendum

329 4195 389 4237 erat.
446 4190 536 4253 Itaque
582 4190 806 4240 Heindorfius

328 4264 450 4305 commate
468 4258 614 4321 posthaec,
633 4255 683 4323 ἐγώ
703 4254 724 4305 δ’
744 4256 805 4306 ἐπα-

329 4329 444 4383 νερωτῶ,
473 4325 499 4373 in
524 4324 609 4374 locum
634 4327 730 4377 τελείας
756 4341 804 4374 οτι-

326 4393 390 4454 ῃμῆς
412 4390 550 4442 substituto
574 4392 652 4444 verba
678 4394 715 4443 ita
738 4395 806 4443 aeci-

863 2771 957 2836 pienda
970 2770 1119 2835 arbitratur,
1131 2773 1195 2822 acsi
1205 2773 1264 2833 ista,
1280 2772 1349 2837 ὅπερ

861 2836 911 2904 γὰρ
939 2838 1003 2904 λέγω
1021 2867 1054 2874 -
1073 2835 1119 2888 τὸν
1143 2837 1225 2906 λόγον
1248 2839 1350 2906 ἐρωτῶ,

861 2906 986 2972 apodosin
1003 2906 1134 2970 efficiant,
1156 2913 1293 2974 totumque
1310 2909 1351 2960 lo·

862 2991 921 3024 curn
955 2975 1138 3039 interpretatur
1171 2977 1222 3025 hoc
1256 2977 1351 3028 modo:

862 3041 917 3091 sed
934 3049 969 3091 ut
991 3059 1030 3092 ne
1053 3045 1173 3093 mirere
1197 3051 1263 3107 ete,
1288 3047 1350 3096 sci·

861 3116 894 3158 to
911 3127 958 3159 me
976 3109 1195 3176 interrogare.
1213 3113 1265 3162 Sed
1282 3113 1350 3164 haee

860 3178 1037 3241 interpretatio
1065 3193 1222 3244 magnopere
1256 3196 1350 3232 vereor

860 3261 894 3294 ne
922 3246 1027 3310 linguae
1055 3244 1159 3311 legibus
1187 3246 1350 3300 adversetur.

860 3313 927 3362 Nam
960 3315 1071 3376 primum
1102 3315 1161 3377 quis
1190 3314 1241 3365 hoc
1269 3317 1348 3367 modo

860 3381 926 3429 ferat
942 3378 991 3445 γὰρ
1005 3381 1175 3445 particulam,
1199 3399 1266 3446 quae
1276 3392 1349 3434 certe

860 3448 1002 3497 omittenda
1019 3450 1092 3498 erat?
1111 3448 1213 3499 Deinde
1231 3453 1291 3515 quis
1308 3458 1352 3502 est

860 3516 923 3579 quin
945 3516 1022 3565 haec:
1056 3512 1106 3580 ἐγώ
1131 3512 1152 3564 δ’
1177 3515 1348 3582 ἐπανερωτῶ,

859 3599 918 3632 curn
930 3583 1152 3646 praecedentibus,
1171 3580 1187 3632 ὃ
1206 3583 1283 3636 δοκεῖ
1296 3587 1350 3647 μὲν

861 3649 940 3716 δῆλον
955 3645 1033 3709 εἶναι,
1050 3656 1103 3700 tam
1121 3659 1193 3701 arcte
1200 3654 1347 3706 ¹cohaerere

860 3718 960 3780 videat,
986 3725 1016 3768 ut
1038 3718 1098 3768 inde
1120 3718 1154 3768 ab
1178 3717 1230 3785 ἐγώ
1255 3718 1277 3772 δ’
1302 3721 1346 3773 ἐπ.

860 3785 980 3849 apodosis
1002 3786 1081 3836 ordiri
1107 3787 1259 3851 neutiquam
1287 3806 1350 3852 pos-

860 3855 912 3902 sit?
941 3853 993 3902 Sed
1016 3853 1090 3903 salva
1116 3870 1157 3904 res
1186 3861 1234 3905 est.
1274 3857 1345 3908 Nam

860 3921 986 3981 Socrates,
1003 3921 1123 3970 liberiore
1140 3937 1204 3972 usus
1216 3925 1346 3978 orationis
1373 3977 1376 3990 ,

859 3989 1075 4049 conformatione,
1100 3989 1252 4041 inchoatam>
1272 3991 1347 4049 desae
1359 4039 1371 4049 ,,

858 4057 892 4105 rit
934 4057 1072 4105 verborum
1117 4060 1347 4123 constructionem,

858 4125 955 4189 protasi
971 4139 1022 4172 non
1041 4123 1183 4175 subiiciens
1207 4127 1349 4191 spodosin,

858 4191 902 4241 sed
920 4207 965 4251 ea,
988 4207 1055 4255 quae
1072 4191 1100 4240 in
1117 4191 1167 4241 hac
1184 4196 1348 4246 enuntianda

858 4267 940 4319 erant,
959 4257 1011 4308 alio
1028 4263 1176 4310 structurae
1188 4278 1285 4326 genere
1299 4281 1346 4314 ex-

857 4342 964 4391 ponens.
983 4328 1092 4376 Prorsus
1109 4327 1143 4376 ad
1160 4329 1272 4381 eundem
1288 4347 1344 4383 mo·

857 4395 917 4442 dum
929 4395 1083 4444 Germanice
1100 4394 1127 4451 iu
1146 4411 1265 4451 sermone
1279 4394 1344 4451 eon·
