3242 5259
384 604 443 660 112
792 600 989 661 PLATONIS

381 761 449 828 δέοι
474 764 560 846 λόγῳ
587 763 833 844 διαγωνίζεσθαι
862 763 898 827 ἐν
926 762 1074 845 ἐκκλησίᾳ
1102 755 1124 842 ἢ
1153 758 1189 824 ἐν
1216 764 1303 844 ἄλλῳ
1334 761 1398 825 τινὶ

382 863 544 948 συλλόγῳ,
573 859 729 941 ὁκότερον
749 860 799 923 δεῖ
818 861 987 944 αἱρεθῆναι
1021 862 1149 941 ίατρόν,
1186 860 1336 943 οὐδαμοῦ
1357 860 1399 924 διν

330 958 358 1026 Ο
381 969 524 1043 φανῆναι
545 959 602 1022 τὸν
623 957 755 1038 ἰατρόν,
784 960 851 1022 ἀλλ’
881 959 1052 1041 αἱρεθῆναι
1078 958 1120 1022 ἂν
1140 958 1197 1021 τὸν
1219 958 1320 1022 εἰπεῖν
1343 946 1415 1022 δυ-’

329 1112 331 1117 .
380 1060 491 1134 νατόν,
512 1057 540 1120 εί
561 1056 727 1138 βούλοιτο
757 1054 812 1119 καί
841 1056 868 1118 εί
897 1058 978 1137 πρὸς
1006 1059 1105 1120 ἄλλον
1132 1077 1168 1137 γε
1196 1055 1398 1139 δημιουργὸν

380 1156 556 1220 ὁντιναοῦν
576 1154 782 1234 ἀγωνίζοιτο
811 1153 948 1216 πείσειεν
969 1176 1011 1217 αν
1032 1152 1133 1217 αὐτὸν
1153 1149 1284 1217 ἑλέσθαι
1304 1154 1365 1218 ὁ
1345 1179 1398 1237 ρη

379 1252 506 1378 τρρικδς
526 1255 650 1335 μᾶλλον
670 1249 801 1332 ἢοίλλος
817 1252 979 1326 ὁςτιςοῦν·
1000 1253 1040 1315 οὐ
1061 1251 1123 1332 γὰρ
1143 1247 1210 1315 ἔστι
1223 1251 1297 1333 περι
1318 1249 1400 1317 ὅτου

380 1353 442 1416 οὐκ
463 1375 504 1415 αν
524 1353 750 1431 πιθανώτερον
771 1349 855 1413 ε’ίποι
875 1349 1077 1432 ὁρητορικός
1097 1343 1230 1430 ἢᾶίλος
1249 1350 1398 1426 ὁςτιςουν

379 1453 444 1512 τῶν
471 1448 678 1531 δημιουργῶν
706 1446 741 1511 ἐν
768 1449 894 1530 πλήθει.
939 1442 984 1513 ‘H
1006 1445 1065 1529 μὲν
1093 1441 1154 1511 οὖν
1182 1447 1320 1530 δύναμις
1347 1472 1395 1513 το-

379 1547 479 1628 σαύτη
501 1544 566 1609 ἐστὶ
594 1545 647 1610 καὶ
667 1546 798 1627 τοιαύτη
820 1554 876 1626 τῆς
901 1543 1023 1627 τέχνης.
1051 1545 1102 1608 δεῖ
1118 1543 1247 1622 μέντοι,
1278 1535 1305 1608 ὦ
1327 1546 1395 1610 Σάι

379 1665 501 1726 κρατες,
522 1653 562 1726 τῇ
583 1642 736 1725 ῥητορικῇ
756 1648 896 1725 χρῆσθαι
916 1638 1020 1725 ιὸςκερ
1044 1653 1084 1726 τῇ
1104 1647 1184 1726 ἄλλη
1205 1644 1292 1727 τιοίση
1313 1644 1395 1725 dye-

379 1896 443 1946 dors.
462 1897 530 1946 Βῖοι.
549 1893 606 1944 ᾱ.”
592 1913 667 1954 οιτον,
686 1911 737 1960 quo
754 1899 859 1960 recepte
875 1894 991 1944 firmetur
1007 1894 1091 1945 lectio.
1123 1893 1209 1945 Ceteri
1226 1893 1288 1944 libri
1306 1911 1396 1945 omnes

380 1963 438 2029 ὅκῃ
457 1964 526 2029 quod
542 1963 611 2014 mele
628 1963 743 2012 defendit
759 1963 849 2013 Aetius
866 1963 1050 2028 interpretans:
1069 1963 1099 2013 ι’τι
1115 1962 1171 2013 eine
1190 1959 1279 2026 stadt,
1295 1963 1344 2013 wie
1360 1962 1397 2012 dn

378 1984 500 2096 milletd.
519 2031 572 2081 ίι.’
561 2048 590 2080 ιιι
601 2030 662 2096 jede
679 2031 722 2081 dir
738 2029 855 2094 ίιίίιίίμε
874 2027 987 2094 Stadts
977 2047 1006 2080 ιιι
1023 2031 1077 2081 eine
1094 2027 1173 2080 stadt
1188 2030 1258 2080 καοίι
1268 1999 1398 2081 Βεῑίείειι.

378 2100 439 2151 Alio
456 2096 566 2150 modo*
551 2117 601 2163 οιιη
618 2105 706 2148 tuetur
722 2098 917 2162 Bernhardy
934 2099 1008 2164 Synt
1020 2099 1147 2164 Graeep.
1157 2095 1225 2161 359,
1244 2112 1295 2148 nee
1309 2104 1396 2150 temen

377 2168 422 2232 ita,
439 2173 469 2218 ut
485 2167 561 2218 nobis
578 2167 742 2232 persuaserit

429 2302 555 2368 αῆίρεθ
540 2320 613 2351 τναι
644 2299 775 2387 ἰατρόν]
817 2301 904 2367 Vulgo
944 2300 1086 2367 αἱρεθῆναι
1117 2297 1215 2366 ρήτορα
1245 2298 1261 2366 ἢ
1294 2299 1398 2366 ἰατρόν,

378 2366 436 2422 οὐδ.
469 2370 520 2421 Sed
538 2366 651 2420 verba
637 2368 733 2435 ρήτορα
751 2388 767 2436 η
755 2365 902 2418 '‘desunt
894 2386 921 2418 ιιι
940 2369 1027 2420 Clark.
1045 2368 1122 2422 Vind.
1142 2368 1165 2419 1.
1180 2367 1205 2420 6.
1222 2371 1283 2419 Ρει.
1296 2370 1400 2422 EFW.

376 2439 446 2490 Flor.
459 2439 476 2488 f.
489 2454 510 2489 s.
522 2455 548 2488 x.
558 2438 684 2504 probante
696 2437 944 2500 Schleiermnehem,
960 2438 1044 2500 Aetio,
1053 2436 1212 2488 Hermanno.
1225 2453 1251 2488 v.
1262 2438 1400 2505 interpret.

429 2575 457 2625 O.
494 2571 681 2624 ὁντιναοῦν
698 2570 812 2638 ἄγων]
830 2572 942 2626 Bekker.
960 2569 1093 2622 ὁντινοῦν.

375 2772 484 2840 putati}
501 2781 588 2834 τεμεῖν
606 2775 648 2824 καί
667 2779 768 2824 καυσαι.
792 2775 860 2824 Nam
913 2773 1061 2824 τέκτων-
1090 2769 1198 2834 κάμνων
1227 2769 1302 2837 άξιοῑ
1326 2773 1400 2840 παρὰ

375 2848 434 2908 post
459 2843 614 2907 scalpellum
637 2841 795 2904 adhibitum,
821 2844 860 2891 in·
912 2847 958 2891 τοῦ
975 2840 1068 2924 ἰατροῦ
1075 2838 1238 2925 φάρμακον
1253 2840 1323 2892 πιών
1340 2841 1399 2906 ἐξε-

376 2913 440 2975 quit,
423 2910 553 2960 tvulnns
570 2910 638 2961 ferro
653 2909 778 2959 candente
789 2916 860 2958 ustn
911 2908 1017 3027 μὶέοαι·Ὦ
1003 2907 1032 2959 τὸ
1051 2905 1158 2992 νόσημα
1172 2905 1189 2975 ἢ
1205 2905 1273 2959 κάτω
1293 2911 1398 2994 κοθμρ-

376 2948 480 3028 Ιιιίιιίιιιι
496 2977 530 3028 ed
548 2978 683 3044 sanguinis
705 2978 859 3042 profluvium

377 3045 559 3096 cohibendum.
612 3046 646 3095 Et
674 3047 789 3110 profecto
823 3046 860 3095 ita

376 3114 529 3178 plerumque
557 3113 679 3178 scriptum
701 3113 858 3196 legitumos.

376 3183 487 3247 infrep.
505 3179 563 3233 480.
582 3181 615 3231 Ο·
643 3178 859 3245 παρέχειν-ιδε-

378 3267 427 3313 ιτερ
463 3248 565 3310 τέμνειν
597 3248 639 3299 καί
667 3246 740 3300 κάειν
769 3249 858 3316 ἰατρῷ.

377 3318 485 3383 'Pimp
487 3314 552 3368 65
570 3319 600 3367 Β.
616 3318 725 3382 Protp
726 3314 808 3368 .354.
826 3319 859 3367 Α.

375 3385 518 3468 Xenoph.
546 3333 780 3448 Anates.vp,8,
809 3382 858 3435 18·

375 3450 485 3519 καὶγὰρ
511 3452 539 3502 οἱ
552 3453 646 3538 ιάτροί
671 3451 793 3513 τέμνουσι
815 3452 857 3502 καί

375 3524 496 3571 καίουσιν
520 3516 596 3571 ἐκΗ
581 3540 614 3587 ογ
616 3523 686 3588 αθῳ.
707 3522 815 3570 Memor.
837 3521 858 3582 Ι,

374 3589 405 3650 2,
428 3588 479 3641 54:-
498 3589 580 3639 Plura
599 3540 675 3640 debit
702 3588 857 3639 Gataker.

374 3626 407 3706 nd
434 3658 513 3706 Marc
538 3658 663 3710 Antonin.
687 3657 763 3722 V.p
765 3654 857 3709 ..193

373 3723 484 3775 Aeeedit
506 3722 607 3788 quod
593 3743 608 3790 η
631 3731 657 3776 εί
674 3728 720 3774 και
738 3724 858 3789 frequen·

373 3793 472 3843 tissime
489 3792 517 3840 in
534 3791 609 3843 libris
627 3798 771 3858 permutata
788 3798 856 3842 sunt.

372 3862 519 3926 v..interpp
537 3859 570 3910 ad
584 3861 690 3926 (ἕτεροι.
703 3861 856 3925 Corinth..p

372 3926 431 3980 384.
457 3927 515 3979 410.
537 3926 596 3979 419.
615 3929 649 3979 nl.
694 3928 744 3979 Sed
769 3942 857 4009 quam·

372 3997 412 4045 vis
437 3996 614 4061 exemplorum
638 3996 714 4062 eopia
736 4010 783 4060 pro
805 3995 857 4076 viri

372 4061 516 4114 doctissimi
533 4065 644 4114 sentent
637 4081 663 4114 ιιι
684 4079 856 4147 pugnarem·

373 4130 478 4194 dentur,
500 4136 596 4193 tamen,
619 4133 741 4197 quonism
764 4130 792 4180 ιδ
816 4149 855 4180 τε·

373 4205 431 4256 μεῖν
454 4168 479 4248 εί
502 4195 529 4248 τὸ
556 4205 649 4249 καυυαι
673 4216 725 4250 non
752 4214 853 4280 semper

374 4267 540 4316 coniunctum
558 4267 615 4328 fnit,
631 4267 757 4318 librorum
773 4268 855 4316 omni-

373 4347 417 4396 nm
434 4332 570 4384 lectionem
586 4342 625 4384 ret
615 4336 747 4386 linendam
769 4350 855 4385 cense-

373 4414 438 4448 mus.
455 4401 495 4452 De
512 4402 621 4467 Republ.
641 4404 687 4453 III.
705 4419 730 4468 p.
741 4401 798 4454 466.
816 4404 854 4452 D.

933 2974 1017 3030 sle
1000 2997 1016 3042 η
1034 2974 1124 3027 καύσει
1141 2973 1158 3043 ἢ
1175 2981 1256 3044 τομῇ
1265 2975 1398 3044 χρησάμε-

911 3063 955 3097 νος
972 3040 1145 3111 ἀπηλλάχθαι,
1167 3045 1215 3094 ubi
1232 3045 1322 3097 nullus
1340 3046 1398 3097 ced.

911 3113 953 3163 καὶ
981 3118 1051 3179 τομῆ.
1085 3112 1189 3163 Politie.
1218 3129 1243 3178 p.
1272 3111 1331 3165 293.
1360 3115 1396 3165 Β.

911 3180 1046 3242 τέμνοντες
1074 3178 1090 3246 ἢ
1119 3177 1235 3232 κάοντες.
1264 3181 1398 3233 Maxim.

911 3251 988 3332 Tyr.
1004 3250 1075 3299 Diss
1093 3248 1153 3310 XII,
1171 3245 1200 3299 2.
1228 3244 1400 3316 ἢκοιιίτοιεῆ

910 3314 1002 3378 τεμοίν
1026 3317 1184 3367 Themist.
1207 3315 1281 3370 Oret
1299 3317 1348 3371 XI
1371 3333 1398 3384 p.

911 3383 968 3435 149.
986 3386 1025 3434 A:
1057 3382 1085 3433 τὸ
1104 3379 1173 3434 δὲ’
1156 3380 1259 3464 ανάγκη
1277 3383 1399 3446 ἐκτεμεῖν

911 3449 1094 3535 ἢίπικαῦοαι;
1116 3467 1177 3502 nem
1194 3451 1233 3503 ite
1249 3452 1322 3520 vulg.
1341 3452 1398 3504 ἐπι·

910 3518 988 3584 κόψαι
1000 3520 1134 3571 verissime
1147 3519 1296 3571 emendavit
1308 3522 1397 3572 Pier-

910 3605 976 3640 son
993 3588 1125 3639 ndMoer.
1146 3604 1172 3653 p.
1189 3586 1249 3640 232.
1271 3589 1396 3656 Hippo·

910 3658 1046 3707 eratne
1064 3655 1154 3706 medie.
1176 3671 1202 3720 p.
1225 3653 1265 3707 13.
1288 3653 1331 3708 18.
1355 3657 1396 3710 ed

909 3727 983 3775 Bes:
1014 3723 1057 3774 ἐπὶ
1082 3723 1112 3774 δὲ
1135 3741 1187 3773 των
1208 3731 1394 3808 χειρουργιῶν,

910 3791 969 3843 ὅσοι
987 3790 1029 3841 διὰ
1048 3795 1125 3858 τομῆς
1148 3789 1219 3840 εἰσιν
1243 3808 1395 3858 praveme-

909 3860 960 3911 Sed
971 3861 1035 3910 setis
1047 3858 1234 3925 exemplorum,
1251 3860 1395 3925 exquibus

907 3928 1007 3993 liquent
1039 3943 1092 3977 non
1125 3928 1301 3978 neeessariam
1338 3944 1395 3980 esse

907 3995 1121 4046 Blomfieldii
1137 3995 1334 4046 eorrsetionem
1342 3996 1395 4063 Op

907 4070 1017 4129 portune
1050 4078 1112 4113 vero
1145 4064 1282 4114 annotavit
1314 4064 1395 4115 Ren-

907 4133 998 4181 thius
1020 4137 1121 4182 veteres
1138 4130 1253 4183 medicos
1260 4149 1392 4216 χειρουρ-

905 4218 979 4266 γικην
1014 4206 1039 4248 et
1075 4194 1289 4265 φαρμακευτικῆν
1322 4200 1393 4267 ipses

905 4268 1052 4318 exercuisse
1077 4283 1162 4331 neque
1184 4266 1254 4316 hane
1277 4283 1393 4333 unqnm

906 4335 939 4385 ab
957 4335 1005 4384 ille
1021 4350 1163 4400 separasse.
1185 4334 1238 4385 vid.
1261 4334 1293 4385 G.
1310 4335 1392 4387 Ves-

907 4404 980 4453 sius
999 4404 1040 4452 De
1056 4409 1151 4453 natura
1168 4402 1262 4452 artium
1279 4403 1312 4456 V.
1330 4398 1391 4455 ed.
