3242 5259
333 580 394 635 342
741 575 936 636 PLATONIS

332 760 397 801 κων
419 737 541 819 ῥάβδον
563 733 643 819 έχων
663 738 789 821 δικάζοι.
811 739 830 803 ὁ
850 738 885 802 δέ
902 738 1021 814 Μίνως
1041 736 1227 804 ἐπισκοπῶν
1245 742 1347 826 κάθη-

258 841 309 923 ιΙ)
331 859 393 910 ται,
414 836 514 917 μόνος
535 831 615 918 έχων
634 846 777 920 χρυσοῦν
798 845 969 918 σκῆπτρον,
992 834 1035 911 ὥς
1056 830 1348 920 φησινὈδνσσελις

332 925 517 1017 ὁὋμήοον
537 935 617 998 ἰδεῖν
639 928 739 998 αὐτὸν

432 1032 569 1114 χρύσεον
589 1037 754 1115 σκῆπτρον
775 1027 904 1114 έχοντα,
933 1033 1165 1115 θεμιστεύοντα
1185 1029 1344 1097 νέκυσσιν.

428 1123 511 1213 Ἐγὼ
531 1129 589 1213 μέν
611 1124 682 1206 ούν,
713 1122 738 1194 ὦ
761 1132 957 1208 Καλλίκλεις,
978 1131 1042 1195 ὑπὸ
1062 1130 1191 1195 τούτων
1212 1134 1277 1195 τῶν
1292 1133 1340 1196 id

332 1249 401 1310 μων
413 1226 592 1311 πέπεισμαι,
613 1228 667 1293 καὶ
684 1233 804 1303 σκοπῶ,
826 1224 912 1305 ὅπως
932 1229 1165 1310 ἀποφανοῦμαι
1186 1233 1234 1317 τῷ
1253 1239 1338 1312 κοπῇ

333 1325 376 1400 ὡς
403 1325 593 1409 ύνιεσποίιην
612 1326 673 1409 τὴν
693 1330 811 1411 ψυχήν.
840 1329 961 1410 χαίρειν
982 1321 1042 1391 ούν
1063 1325 1159 1402 έοίσας
1180 1327 1236 1402 τὰς
1256 1328 1341 1410 τιμὰς

305 1472 310 1483 ,
331 1423 388 1498 τὰς
407 1427 472 1489 τῶν
492 1428 622 1490 πολλῶν
641 1421 846 1507 ἀνθρώπων,
873 1423 934 1508 τὴν
953 1425 1110 1507 ἀλήθειαν
1131 1429 1262 1491 σκοπῶν
1280 1448 1342 1490 πει

333 1524 471 1604 οιίσομαι
498 1526 543 1609 τῷ
572 1527 642 1587 ὄντι
672 1516 715 1598 ὥς
735 1523 778 1588 ἂν
797 1524 943 1606 δύνωμαι
963 1522 1125 1606 βέλτιστος
1146 1523 1194 1588 ὢν
1215 1523 1345 1606 καὶζῆν

277 1626 307 1692 Ε
332 1621 397 1697 καί,
418 1619 546 1687 ἐπειδὰν
563 1622 772 1704 ἀποθνήσκω,
793 1622 1024 1705 ἀποθνήσκειν.
1044 1626 1221 1702 παρακαλῶ
1240 1621 1275 1688 δέ
1295 1623 1348 1688 καὶ

383 1856 416 1908 D.
452 1856 577 1916 θεμισι.
598 1854 777 1922 νέκυσσιν]
798 1857 842 1908 Sic
853 1856 941 1907 Clark.
953 1857 1012 1908 Vat.
1023 1858 1090 1909 Ven.
1105 1858 1129 1908 Ξ
1136 1857 1166 1908 Σ.
1190 1857 1270 1910 Vind.
1284 1857 1308 1909 2.
1323 1856 1346 1911 l.

332 1925 392 1974 Par.
410 1924 441 1974 V.
464 1924 537 1975 Bodl.
560 1924 629 1991 Aug.
651 1927 756 1976 Mearm.
780 1925 883 1978 Euseb.
898 1925 967 1975 Vett
991 1925 1062 1976 editt.
1086 1924 1186 1976 νέκυσι.
1220 1927 1348 1993 Exempla

333 1991 440 2043 Homeri
456 1992 554 2044 habent
571 1990 716 2052 νεκύεσσιν,
735 1992 782 2045 ubi
798 1994 931 2060 praecedit
947 1991 1119 2056 θεμιστεύων.

386 2123 425 2181 oie
448 2122 643 2195 ύγιοστιίιην
666 2128 723 2196 τὴν
745 2125 866 2195 ψυχήν]
892 2131 956 2180 Post
973 2125 1125 2197 ύμιοστάιην
1149 2129 1231 2195 vulgo
1249 2129 1350 2180 addunt

334 2196 412 2262 ἔχων,
439 2196 508 2261 quod
533 2198 667 2249 omisimus
689 2213 749 2248 oum
773 2198 860 2248 Clark.
884 2199 943 2253 Vat.
961 2198 1041 2252 Goisl.
1059 2198 1136 2249 vinu.
1155 2197 1179 2249 1.
1197 2199 1222 2250 6.
1240 2196 1263 2248 7.
1290 2201 1351 2250 Par.

334 2265 507 2317 BCEFIW.
525 2281 618 2317 novem
634 2267 760 2317 Florenti.

333 2502 481 2568 obloquitur
498 2502 688 2554 Boeclrbius
706 2503 733 2552 in
748 2502 812 2553 Min.
864 2519 930 2554 mus.
980 2503 1111 2554 Describit
1145 2509 1233 2554 autem
1267 2503 1346 2570 pbilo-

333 2577 360 2621 et
380 2572 461 2638 Legg.
483 2587 509 2637 p.
532 2569 575 2622 29.
608 2572 676 2621 Nam
698 2576 729 2620 ut
749 2571 815 2620 baec

333 2640 417 2690 otiosa
447 2641 512 2700 sint,
541 2655 608 2704 quae
636 2638 739 2689 tandem
763 2640 815 2689 ista

333 2708 457 2758 severitas
480 2715 531 2768 est,
554 2723 620 2772 quae
643 2708 670 2756 in
693 2706 814 2757 fabulosa

332 2777 480 2826 narratione
495 2775 561 2825 nibil
574 2774 737 2825 tolerandum
755 2791 814 2825 cen-

333 2850 396 2906 seat,
414 2845 482 2908 quod
493 2846 621 2908 pertineat
634 2844 665 2893 ad
677 2846 815 2894 ornatum?

334 2912 385 2963 Sed
397 2928 430 2961 ne
448 2917 509 2961 sunt
526 2911 629 2975 quidem
646 2912 711 2961 haec
729 2927 817 2976 super-

334 2996 457 3040 vacanea,
475 2981 581 3044 quaesi
599 2980 727 3041 abessent,
746 2982 817 3044 equi·

334 3048 392 3099 dem
426 3046 502 3097 valde
536 3050 642 3098 mirarer
678 3047 817 3112 abruptum

333 3118 405 3167 bunc
430 3116 588 3166 narrationis
614 3115 700 3166 finem.
743 3118 817 3166 Post·

334 3200 412 3249 quam
436 3185 504 3235 enim
527 3200 552 3248 p.
573 3181 632 3234 524.
653 3186 685 3234 A.
708 3185 736 3232 in
760 3185 817 3235 ani·

249 3263 252 3271 ¹
333 3268 437 3303 versum
455 3251 599 3302 indicatum
617 3260 663 3314 est,
681 3268 748 3316 quae
765 3253 818 3303 sint

335 3337 443 3372 munera
471 3327 497 3373 et
526 3320 612 3371 officia
636 3320 750 3371 iudicum
778 3323 817 3371 in-

335 3392 461 3453 ferorum,
484 3388 545 3439 inde
569 3406 584 3438 a
606 3405 631 3453 p.
648 3387 706 3440 525.
725 3390 757 3437 D.
775 3405 818 3439 ac-

336 3460 451 3510 curatius
486 3457 654 3517 describitur,
689 3457 817 3521 quomodo

336 3527 548 3577 Rhadamanthus
576 3531 692 3575 versetur
718 3527 746 3575 in
774 3543 817 3576 ex·

336 3594 469 3660 plorandis
482 3593 678 3657 iudicandisque
688 3595 817 3645 manibus.

338 3666 397 3726 Qua
412 3664 560 3712 narratione
574 3662 693 3712 absoluta
705 3663 818 3712 breviter

336 3731 439 3783 additur
474 3730 563 3779 eadem
595 3745 700 3795 prorsus
732 3732 818 3781 facere

336 3804 459 3860 Aeacum,
477 3800 572 3863 quippe
586 3800 630 3862 qui
644 3798 767 3849 iudicium
786 3800 818 3850 de

336 3867 479 3932 Europaeis
492 3869 588 3931 pariter
605 3874 723 3916 exerceat
740 3875 819 3932 atque

335 3935 549 3988 Rhadamanthus
573 3934 604 3984 de
622 3935 699 3984 asiae
716 3936 818 3986 incolis.

337 4005 406 4068 Quid
431 4005 529 4069 igitur?
557 4018 634 4067 quum
661 4003 753 4054 horum
780 4021 819 4054 se-

336 4075 472 4124 veritatem
495 4072 640 4121 accuratius
663 4071 817 4138 descriptam

336 4141 479 4202 videamus,
498 4141 606 4200 Minois,
625 4141 667 4189 cui
684 4141 819 4192 iudicandi

337 4209 465 4274 πρεσβεῖα
489 4207 644 4258 demandata
666 4216 738 4270 sunt,
761 4211 819 4261 nul-

336 4277 388 4328 lam
401 4277 512 4341 amplius
523 4277 579 4326 fieri
591 4279 747 4328 mentionem
765 4295 818 4328 non

336 4347 506 4396 mirabimur?
530 4346 585 4395 lmo
603 4360 664 4394 vero
683 4362 742 4396 cum
759 4349 818 4412 ipso

338 4413 447 4465 Platone
471 4414 535 4465 haec
558 4413 676 4464 addenda
692 4414 818 4467 iudicabi-

865 2572 961 2636 sopbas
978 2571 1121 2621 secundum
1139 2572 1282 2622 Homerum
1298 2573 1346 2622 Mi·

864 2642 922 2688 nois
934 2640 1094 2689 maiestatem
1106 2645 1183 2703 atque
1196 2641 1346 2706 dignitatem

864 2708 957 2774 paucis
973 2707 1091 2771 quidem,
1114 2707 1159 2757 ssd
1177 2709 1210 2758 iis
1227 2709 1347 2775 gravissi-

865 2777 915 2825 mis
938 2774 1039 2838 verbis,
1063 2792 1172 2825 nameus
1196 2793 1255 2826 eum
1272 2793 1346 2827 aureo

867 2844 1210 2909 sceptroutentemiustitiae
1219 2845 1346 2894 vindicem

868 2921 894 2962 et
911 2912 1042 2962 custodem
1060 2912 1188 2975 assidere,
1213 2930 1293 2977 quum
1309 2930 1347 2963 ce-

867 2982 916 3031 teri
954 2981 1028 3046 virga
1061 2987 1175 3030 utantur.
1229 2982 1346 3032 Ceterum

868 3050 965 3114 primus
982 3050 1075 3098 vitium
1094 3049 1203 3110 sustuli,
1225 3051 1344 3115 pusillum

867 3117 934 3167 illud
961 3117 1076 3181 quidem,
1110 3117 1156 3164 sed
1185 3134 1236 3182 quo
1265 3127 1341 3168 tamen

868 3186 950 3235 oratio
967 3185 1098 3249 scriptoris
1113 3186 1207 3235 misere
1225 3185 1341 3237 deforma-

868 3254 952 3303 batur.
991 3253 1108 3303 Distinxi
1132 3254 1201 3302 enim
1225 3260 1285 3317 post
1305 3249 1345 3303 κί-

869 3324 960 3387 dotat,
985 3337 1064 3385 quum
1087 3321 1167 3385 vulgo
1192 3328 1252 3385 post
1273 3319 1347 3382 μόνος

869 3405 968 3440 comma
988 3390 1133 3441 inferretur.
1167 3390 1197 3438 Id
1221 3391 1295 3440 taciti
1311 3405 1348 3439 se·

868 3459 944 3523 quuti
965 3465 1026 3507 sunt
1046 3458 1123 3507 etiam
1145 3458 1284 3508 novissimi
1299 3457 1348 3508 edi·

868 3534 947 3577 tores.

902 3664 936 3716 D.
965 3657 1349 3723 ὅπωοᾶποφανοῦμσι-

870 3727 1351 3798 τὴνύοχήνῙοοοωοᾶοίοᾶίοί

869 3802 1009 3850 animum
1023 3814 1124 3848 meum
1138 3814 1230 3861 quam
1249 3801 1349 3849 sanis-

869 3870 986 3919 simum
1012 3868 1133 3930 possim
1157 3866 1349 3917 ostendere.

870 3939 936 3987 Nam
957 3937 994 3985 ita
1016 3930 1205 3997 ἀποφανοῦμαι
1223 3936 1350 4000 accipien-

869 4005 930 4055 dum
947 4005 975 4053 vi
991 4002 1066 4053 verbi
1079 4002 1165 4052 medii.
1192 4002 1351 4070 Intelligitur

869 4090 953 4136 nunc,
980 4073 1083 4136 opinor,
1114 4070 1182 4120 unde
1210 4078 1295 4121 ortum
1318 4072 1350 4120 sit

868 4143 934 4193 illud
945 4142 1012 4205 ἔχων
1027 4141 1107 4206 vulgo
1124 4146 1183 4190 ante
1201 4135 1249 4206 τὴν
1267 4136 1351 4204 ψυχήν

869 4213 1005 4261 intrusum.

903 4344 956 4396 ads
982 4343 1043 4394 τῶν
1069 4341 1195 4393 πολλῶν
1217 4338 1349 4406 ἀνθρύ-

869 4429 915 4463 uo
924 4411 948 4480 ν]
967 4411 1037 4462 Cave
1047 4407 1205 4477 ἀνθρώπων
1215 4411 1350 4463 deleveris.
