3242 5259
445 606 686 668 coroner.
709 615 780 673 482.
803 616 874 670 ree.
896 614 940 673 ιο.
964 615 1006 674 ει.
1181 587 1238 676 τοτ’

217 774 315 831 θειαν
335 768 479 848 διώκειν,
511 772 532 832 δ
559 772 656 852 φύσει
683 771 741 854 μὲν
770 774 832 837 οὐκ
853 771 917 838 ἔστι
946 778 1046 854 καλοί,
1076 762 1166 863 νόμον
1193 779 1238 845 δέ.

220 867 264 940 ὡς
292 864 333 928 τδι
363 867 466 931 πολλὰ
495 867 529 931 δὲ
557 879 658 932 ταῦτα
686 867 816 933 ἐναντία
846 872 993 955 ἀλλήλοις
1021 873 1124 951 ἐστίν,
1157 877 1177 960 ἦ
1205 900 1238 940 τε

221 962 393 1045 φύσιςκαῖ
416 964 435 1028 δ
455 965 564 1045 νόμος.
594 965 652 1031 ἐὰν
672 961 734 1031 οὖν
753 990 801 1043 τις
822 970 1010 1053 αἰσχύνηται
1032 972 1148 1058 καὶμὴ
1168 981 1238 1039 τολ-

191 1068 262 1144 ‘poi
283 1060 389 1144 λέγειν
410 1061 490 1144 ἅπερ
510 1069 582 1128 νοεῖ
588 1113 596 1139 ,
627 1064 839 1146 ἀναγκάζεται
866 1067 994 1132 ἐναντία
1014 1069 1125 1152 λέγειν.
1157 1069 1175 1136 δ
1197 1073 1237 1156 δὴ
1258 1075 1321 1139 483

215 1159 270 1224 καὶ
299 1159 341 1223 σὺ
368 1169 464 1223 τοῦτο
501 1162 537 1226 τὸ
567 1164 673 1243 σοφὸν
709 1167 952 1248 κατανενοηκὼς
983 1174 1172 1250 κακουργεῖς
1201 1169 1236 1234 ἐν

216 1263 285 1331 τοῖς
305 1258 429 1338 λόγοις,
460 1256 517 1322 ἐὰν
540 1257 599 1338 μέν
620 1282 667 1333 τις
687 1261 768 1324 κατὰ
788 1265 892 1343 νόμον
913 1264 1005 1348 λὲγγ,
1033 1267 1115 1331 κατὰ
1136 1269 1237 1348 φύσιν
1317 1284 1322 1293 “

215 1355 400 1437 ὑπερωτών,
422 1353 479 1420 ἐὰν
498 1356 533 1421 δὲ
552 1356 592 1420 τδι
612 1367 668 1440 τῆς
688 1360 827 1439 φύσεως,
848 1361 887 1424 τὰ
907 1369 967 1426 τοῦ
988 1365 1102 1446 νόμον.
1132 1364 1235 1446 ὥςπερ

216 1454 332 1517 αὐτίκα
360 1451 396 1517 ἐν
422 1455 568 1531 τούτοις,
602 1459 647 1542 τῷ
676 1457 799 1521 ἀδικεῖν
826 1479 860 1522 τε
889 1460 942 1523 καὶ
970 1468 1014 1542 τῷ
1043 1462 1234 1541 ἀδικεῖσθαι,

219 1551 342 1614 Πώλου
361 1551 399 1614 τὸ
420 1550 500 1615 κατὰ
520 1554 624 1633 νόμον
645 1554 772 1637 αἴσχιον
791 1554 960 1636 λέγοντος,
992 1558 1033 1622 σὺ
1054 1562 1111 1623 τὸν
1131 1563 1235 1642 νόμον

215 1647 389 1724 ἐδιώκαδες
408 1648 613 1731 κατὰφύσιν.
635 1654 728 1734 φύσει
750 1652 886 1737 μὲνγὰρ
903 1666 970 1718 πᾶν
991 1656 1117 1739 αἴσχιόν
1138 1657 1234 1724 ἐστιν,

214 1859 351 1910 omisimus
373 1875 432 1910 eum
455 1832 543 1911 orer.
566 1861 625 1912 uas
651 1862 731 1913 eom.
749 1863 826 1914 vino.
851 1864 875 1915 1.
898 1865 922 1917 o.
944 1867 1003 1916 rer.
1028 1866 1233 1919 aonrrvw.

213 1928 285 1978 Flor.
302 1944 327 1978 a.
344 1927 370 1978 b.
388 1943 411 1978 c.
429 1928 454 1979 d.
477 1929 498 1979 f.
518 1945 551 1979 m.
575 1945 598 1979 o.
622 1946 644 1980 s.
660 1931 734 1981 Bodl.
774 1933 805 1981 In
828 1934 897 1983 Flor.
916 1951 941 1983 x.
965 1936 1075 1986 articulo
1097 1938 1234 2002 utrobique

216 1995 305 2047 addito
323 1995 420 2062 legitur
437 1995 467 2047 τὰ
484 1995 547 2046 κατὰ
566 1994 649 2058 νόμον
666 1997 734 2064 λέγῃ,
752 1996 781 2049 τὰ
800 1999 864 2051 κατὰ
881 2001 945 2063 φύν.
964 1998 1008 2052 du.

264 2132 405 2194 αἴσχιον
422 2130 593 2198 λέγοντος,
613 2131 651 2182 σὺ
668 2128 723 2182 τὸν
742 2132 856 2202 νόμον]
884 2137 957 2186 Haec
974 2136 1054 2186 verba
1077 2152 1126 2187 om.
1145 2137 1232 2188 Clark

213 2200 274 2249 Vat.
293 2198 372 2249 Vind.
398 2197 422 2249 1.
445 2199 470 2251 6.
512 2202 614 2252 Desunt
637 2216 722 2251 errore
745 2219 778 2252 ex
801 2200 987 2270 δμοιοτείεύτῳ
1009 2206 1131 2271 profecto.
1164 2207 1233 2255 Dein

212 2263 277 2317 κατὰ
296 2264 382 2326 φύσιν
398 2274 457 2332 post
475 2265 621 2321 δδιώκαθτο
638 2273 700 2319 vett.
717 2269 788 2320 editt
805 2272 950 2337 negligunt
981 2273 1061 2323 Recte
1077 2272 1143 2323 illud
1160 2278 1233 2323 tuen·

210 2343 254 2384 tur
271 2335 361 2385 Clark.
380 2335 438 2385 Vat.
456 2337 520 2385 Ven.
541 2337 573 2386 Σ.
590 2337 667 2387 Vind.
686 2336 710 2386 1.
727 2336 751 2389 2.
769 2338 794 2390 6.
812 2337 835 2390 l.
862 2341 931 2406 Aug.
948 2340 1022 2394 Bodl.
1040 2342 1146 2394 Mearm.
1162 2341 1233 2392 Flcr.

211 2420 235 2453 a.
252 2420 281 2453 x.
299 2403 461 2521 οιὲἱέοηιατίἱ
478 2404 646 2456 Hasesnsten.
681 2405 712 2454 In
735 2408 793 2456 Par.
811 2408 872 2458 Fv.
894 2424 932 2472 pr.
956 2408 1051 2459 desunt
1073 2411 1153 2459 verba
1171 2407 1231 2460 lici·

210 2473 259 2520 λου
279 2499 312 2509 -
363 2468 485 2524 conadae.

210 2658 405 2708 construetione
426 2673 451 2707 v.
468 2657 643 2708 Heindorf.
666 2657 699 2709 ad
749 2659 776 2708 id
793 2659 863 2723 quod
876 2659 930 2708 iam
941 2661 1106 2713 Routhius
1123 2663 1231 2716 monuit.

209 2728 235 2776 h.
261 2727 279 2776 l.
302 2726 335 2777 ad
361 2725 458 2790 Oratyl.
482 2742 507 2791 p.
531 2724 572 2779 97.
596 2727 699 2776 Parme·
750 2728 840 2791 Neque
863 2727 1000 2777 obscurum
1027 2733 1067 2779 est
1089 2731 1231 2796 sophistam

211 2795 266 2843 nid.
284 2810 309 2859 p.
327 2792 385 2845 226.
404 2795 482 2844 Prota
500 2810 536 2844 or.
554 2810 579 2859 p.
597 2792 654 2845 579.
673 2800 699 2844 et
750 2795 850 2844 Socrati
868 2794 981 2846 tribuere
998 2812 1073 2847 suam
1091 2799 1174 2863 ipsius
1192 2815 1233 2848 ar·

209 2863 328 2914 Matth.
348 2862 392 2912 Gr.
411 2863 433 2922 ᾖ.
451 2810 510 2913 cll.
542 2863 590 2912 Est
607 2867 694 2911 autem
746 2868 796 2912 tem
816 2879 927 2928 eumque
952 2867 1038 2915 esuis
1059 2865 1176 2917 moribus
1193 2868 1232 2916 iu-

211 2927 321 2992 σοφόν
367 2928 493 2980 callide
534 2934 565 2980 et
607 2936 695 2981 astu·
746 2931 841 2984 dicare.
890 2933 1005 2982 Verbum
1031 2930 1231 2999 duapordvest

208 3004 238 3048 te
275 2999 465 3059 inventum,
501 2996 624 3048 callide
658 3014 694 3048 ao
745 2999 1231 3065 furtimh.e.capticseetirau-

209 3068 297 3116 scite
333 3066 577 3131 excogitatum,
617 3067 694 3115 sicuti
746 3068 906 3117 dulenter
928 3069 1154 3136 interrogare.

209 3133 276 3184 alibi
313 3129 428 3196 σόφισμα
458 3138 498 3183 cst
531 3133 694 3183 callidum
779 3132 947 3185 llor'lovrd
967 3134 1048 3187 κατὰ
1068 3136 1169 3198 νόμον
1186 3138 1230 3187 αι’-

210 3201 421 3261 artificium,
449 3206 590 3251 astutum
613 3202 693 3252 iaci·
747 3203 892 3267 αχιονλ]
921 3203 987 3253 Loci
1010 3206 1140 3255 sententia
1165 3206 1231 3255 haee

208 3268 533 3320 nusvelconsilium.
552 3270 693 3335 v.interpp.
745 3276 796 3319 est:
827 3271 930 3332 Quum
947 3270 1048 3321 Polus
1072 3273 1109 3323 de
1127 3288 1161 3322 eo
1186 3272 1230 3322 lo·

208 3338 242 3388 ad
265 3336 383 3402 Euripid.
409 3336 510 3387 Hecub.
534 3353 559 3386 v.
583 3335 642 3390 256.
661 3365 690 3374 -
744 3343 921 3401 queretur,
939 3337 1027 3402 quod
1045 3345 1136 3390 esset
1152 3339 1229 3405 lege

208 3411 417 3470 κακουργεῖν
435 3402 550 3456 ἐντοῖς
568 3403 692 3471 λόγοις,
744 3411 777 3454 et
806 3405 1051 3456 consuetudine
1081 3407 1228 3471 turpius,

206 3477 240 3524 in
273 3471 475 3538 disputando
504 3472 692 3523 fallacibus
744 3501 777 3511 -
796 3479 961 3524 concesserat
984 3475 1054 3523 enim
1077 3479 1152 3539 turpe
1171 3489 1228 3524 esse

206 3547 239 3592 et
287 3540 457 3605 captiosis
497 3540 692 3591 rationibus
744 3541 1228 3606 iniuriamiacsre,incoquersoom·

207 3609 267 3658 uti.
302 3624 328 3658 v.
363 3607 457 3657 wolf.
491 3607 525 3657 ad
558 3608 692 3659 Demosth.
744 3609 818 3657 muni
835 3609 970 3659 hominum
993 3610 1111 3675 opinioni
1128 3608 1228 3674 aliquid

206 3676 311 3741 Leptin.
329 3671 423 3740 peel.
441 3674 512 3724 Idem
526 3677 692 3741 opprobrium
744 3677 923 3725 tribuerat-
945 3682 980 3726 tu
1003 3678 1050 3739 id,
1072 3678 1159 3742 quod
1184 3692 1229 3726 se·

205 3744 310 3794 Socrati
321 3742 413 3793 obiicit
424 3742 636 3806 Thrasymachus
651 3745 692 3792 De
744 3742 880 3793 eundum
903 3744 1009 3810 legem
1035 3751 1066 3795 et
1091 3760 1227 3795 consue-

206 3811 319 3876 Republ.
338 3825 362 3874 p.
380 3808 438 3863 338.
456 3811 490 3862 D.
509 3810 569 3862 coll.
588 3809 646 3864 341.
660 3811 691 3863 Α.
744 3810 891 3861 tudinem
922 3813 1153 3873 indicabatur,
1188 3812 1227 3862 ad

206 3882 247 3929 De
271 3878 423 3929 discrimine
447 3877 603 3942 asophistis
625 3879 693 3928 inter
743 3885 886 3930 naturae
902 3895 1048 3930 normam
1065 3878 1227 3946 exigebas

207 3945 253 3997 τὸν
272 3943 355 4007 νόμον
376 3950 402 3995 st
425 3943 472 4011 τὴν
491 3942 575 4007 φύσιν
597 3947 692 3997 consti·
743 3952 773 3996 et
806 3947 1073 4012 persequebaris.
1124 3949 1227 4013 Quippe

204 4021 261 4066 tuto
278 4031 305 4066 v.
324 4012 357 4063 ad
368 4013 465 4079 Cratyl.
477 4013 597 4080 Prolegg.
615 4029 639 4078 p.
649 4010 690 4066 23,
744 4015 876 4077 Socrates,
900 4031 979 4078 quum
996 4015 1077 4064 Polus
1100 4014 1164 4064 κατὰ
1183 4014 1228 4064 νό-

207 4083 329 4132 Ceterum
351 4082 422 4130 hunc
444 4080 548 4131 modum
572 4081 692 4131 adversa·
743 4099 794 4142 μον
811 4089 881 4133 reete
895 4089 1008 4132 statuere
1028 4082 1159 4133 videretur
1175 4087 1227 4132 tur·

204 4151 273 4200 rium
303 4150 332 4198 in
353 4148 509 4214 disputando
538 4148 692 4214 decipiendi,
742 4151 801 4214 pius
820 4155 847 4199 et
862 4150 936 4214 peius
959 4165 1015 4200 esse
1032 4151 1154 4200 iniuriam
1171 4151 1228 4216 pati

205 4233 257 4283 quo
287 4215 414 4268 Callicles
446 4216 580 4267 Socratem
615 4233 691 4266 usum
742 4232 820 4281 quam
837 4218 935 4276 iacere,
953 4246 985 4255 -
1004 4219 1145 4268 eratenim
1162 4218 1227 4268 haee

204 4302 261 4336 esso
294 4286 421 4350 queritur,
455 4283 591 4351 descripsit
624 4286 692 4334 Ari·
743 4286 886 4334 eommunis
920 4285 1054 4335 hominum
1097 4287 1228 4338 sententia

203 4354 321 4404 stotel.
352 4353 393 4404 Da
417 4351 452 4402 So
470 4351 569 4406 hiatio«
582 4352 690 4406 Elench.
743 4379 776 4388 -
799 4352 915 4402 vicissim
937 4352 1093 4418 disputando
1123 4354 1226 4404 efficere

204 4368 691 4523 e.xtlp.o'1uv‹llm.eespht,
742 4419 897 4486 conabatur,
932 4427 963 4471 ut
990 4422 1113 4473 iniuriam
1141 4423 1227 4473 iacere
