3242 5259
488 610 671 673 GORGIAS.
693 613 727 675 P.
750 617 821 674 481.
844 615 890 672 ed.
913 614 956 674 st.
1167 619 1223 678 191

209 771 288 835 νυνὶ
315 771 558 848 σπουδάζοντα,
589 773 609 854 ἢ
630 775 801 851 παίζοντας
832 775 859 837 εἰ
879 772 1019 856 μὲνγὰρ
1040 775 1229 852 σπουδάζεις

213 892 245 934 τε
266 867 322 933 aui
341 870 491 950 τυγχάνει
510 873 612 937 ταῦτα
633 864 740 954 άληθή
761 876 851 948 ὄντα,
873 874 893 934 ἃ
913 870 1032 953 λέγεις,
1060 876 1138 937 ἄλλο
1158 896 1188 935 τι
1207 873 1228 954 ἢ

213 966 337 1049 apest
354 969 425 1044 βίος
444 960 720 1050 ἀνατετραμμένος
742 968 851 1049 trata
872 974 936 1032 τῶν
957 964 1153 1049 ἀνθρώπων,
1175 970 1229 1033 καὶ

209 1065 315 1126 πάντα
337 1063 376 1129 τά
397 1062 527 1127 ἐναντία
548 1065 739 1145 πράττομεν,
761 1064 804 1139 ὠς
826 1067 943 1143 ἔοικεν,
973 1067 1124 1147 ἢᾶδεῖ;
1154 1069 1227 1132 aa.

206 1149 247 1222 {a
270 1162 469 1236 Καλλίκλεις,
492 1162 518 1223 εἰ
538 1164 581 1243 μή
602 1185 632 1225 τι
652 1155 694 1243 ήν
713 1168 780 1236 τοῖς
801 1157 990 1244 ἀνθρώποις
1010 1168 1134 1238 πάθος,
1161 1169 1229 1237 τοῖς

211 1257 271 1339 μὲν
299 1263 378 1324 ἄλλο
406 1282 453 1336 τι,
482 1257 937 1337 venticinensem,
967 1261 1049 1325 citici
1070 1285 1116 1336 τις
1136 1262 1228 1343 ἡμῶν
1311 1269 1317 1275 ’

210 1356 295 1419 ἴδιόν
324 1378 354 1418 τι
379 1352 493 1438 ἔπασχε
524 1357 629 1432 πάθος
656 1356 676 1438 ἢ
706 1357 738 1419 ot
764 1361 870 1433 ἄλλοι,
903 1359 963 1422 οὐκ
984 1359 1025 1422 ἂν
1045 1353 1087 1440 ἦν
1108 1359 1221 1440 ῥάδιον
1244 1365 1275 1428 D

211 1452 415 1530 ἐνδείξασθαι
442 1457 486 1540 τῷ
515 1451 611 1540 ἑτέρῳ
637 1449 675 1517 τδ
705 1452 823 1518 ἑαυτοῦ
854 1457 999 1538 πάθημα.
1029 1453 1109 1536 λέγω
1131 1453 1158 1520 δ’
1181 1458 1227 1521 ἐν·

209 1553 346 1633 νοήσας,
375 1546 424 1616 ὅτι
451 1548 514 1632 ἐγώ
541 1573 575 1617 τε
603 1552 658 1616 καὶ
685 1552 725 1615 σὺ
754 1558 819 1616 νῦν
839 1555 1040 1634 τυγχάνομεν
1059 1555 1179 1618 ταύτόν
1199 1579 1229 1618 τι

211 1649 427 1724 πεπονθότες,
458 1647 660 1728 ἐρώντεδύο
690 1654 762 1713 ὄντε
782 1650 873 1712 δυεῖν
894 1648 1056 1731 ἑκάτερος,
1087 1649 1229 1734 ἐγὼμὲν

209 1880 331 1930 Bekkero
355 1879 421 1929 dedi.
456 1881 532 1931 Nune
549 1880 676 1946 pluralem
693 1898 830 1932 numerum
847 1883 1003 1932 servandum
1020 1885 1179 1950 putavimus.
1203 1901 1227 1934 v.

209 1964 277 2012 quae
295 1948 327 1997 de
345 1947 394 1998 hoo
411 1965 505 2013 genere
523 1951 690 2066 exposuimus
708 1950 741 1998 ad
752 1949 907 2015 Euthydem.
924 1967 948 2015 p.
967 1949 1026 2002 273.
1044 1953 1077 2001 D.
1095 1952 1227 2018 Protagor.

208 2032 233 2080 p.
252 2013 312 2066 317.
331 2015 361 2064 E.
384 2015 494 2066 Phaedr.
512 2033 536 2082 p.
573 2015 614 2068 54.
633 2017 662 2065 Α.
687 2033 710 2082 p.
729 2014 788 2068 278.
806 2019 845 2081 13,
868 2018 936 2067 unde
955 2018 1038 2069 disces
1056 2019 1160 2069 dualem
1178 2036 1227 2069 nu-

209 2099 312 2132 merum
334 2099 387 2133 non
410 2099 468 2133 raro
487 2083 525 2134 sic
543 2100 603 2134 cum
620 2084 715 2148 plurali
732 2101 839 2136 numero
858 2087 1010 2136 consociari.
1044 2087 1113 2136 Dein
1130 2088 1188 2137 Par.
1206 2089 1228 2137 Ι.

209 2151 281 2200 Flor.
299 2150 324 2200 b.
345 2148 428 2200 δυεῖν.
446 2167 470 2200 v.
488 2167 513 2216 p.
531 2149 588 2202 464.
607 2152 645 2214 B.,
663 2151 708 2200 ubi
726 2153 815 2203 nullus
833 2153 915 2203 codex
934 2152 1016 2221 δυεῖν,
1034 2170 1059 2218 ρ.
1075 2152 1132 2205 473.
1146 2156 1179 2203 D.
1193 2154 1227 2204 al.

209 2219 286 2268 Libri
309 2219 358 2267 hoc
381 2219 409 2267 in
431 2234 525 2284 genere
547 2221 611 2269 mire
628 2219 761 2270 fluctuant.
787 2222 854 2271 conf.
872 2222 986 2271 Fischer.
1005 2222 1037 2285 ad
1056 2222 1227 2286 Theophrast.

210 2285 290 2335 Char.
303 2286 337 2347 11,
350 2284 373 2335 2.
397 2287 519 2336 Aeschin.
539 2286 609 2337 Socr.
628 2289 661 2349 11,
679 2286 702 2338 3.
726 2289 841 2352 Lannep.
860 2288 891 2338 ad
910 2289 985 2338 Phel.
1003 2306 1027 2354 p.
1045 2286 1086 2339 42.
1113 2288 1226 2339 Lobeclr.

209 2354 242 2402 ad
266 2353 406 2417 Phrynich.
429 2370 453 2418 p.
472 2351 523 2406 210
540 2369 591 2418 seq.
615 2355 749 2407 Matthiae.
768 2356 812 2406 Gr.
838 2357 861 2417 §-
880 2354 937 2407 138.
955 2355 979 2408 2.
1020 2357 1128 2406 Videtur
1152 2356 1228 2407 δυεῖν

208 2420 280 2487 apud
298 2421 434 2472 Platonem
450 2438 504 2472 non
522 2424 627 2472 omnine
645 2423 824 2488 spernendum.

210 2638 340 2693 limitibus
380 2640 434 2690 suis
471 2640 695 2691 circumscribetur
744 2646 775 2690 ut
798 2641 903 2690 mollem
926 2646 952 2690 et
967 2641 1065 2692 formae
1082 2641 1227 2693 studiosum

210 2716 291 2774 atque
318 2709 466 2758 accuratius
494 2707 638 2760 definiatur.
661 2736 694 2745 -
746 2709 838 2758 comici
867 2710 1079 2772 perstrinxerunt.
1107 2726 1131 2759 v.
1160 2711 1228 2760 Ari·

209 2779 277 2832 Mox
315 2776 418 2826 notabis
452 2781 605 2828 structuram
639 2792 696 2826 ver·
746 2776 850 2840 steph.
860 2777 954 2842 Vespp.
966 2793 991 2826 v.
1001 2774 1041 2827 97.
1051 2778 1138 2842 ibique
1147 2778 1228 2828 schol.

210 2844 305 2895 borum
333 2841 404 2892 ἴδιόν
432 2861 505 2892 τι-
525 2840 594 2908 dol
615 2839 694 2902 ἄλλοι,
745 2844 786 2893 Ex
808 2844 865 2903 istis
883 2844 966 2894 lucem
984 2845 1076 2894 afferes
1092 2845 1151 2896 loco
1169 2846 1228 2896 Pla·

209 2927 279 2977 quae
290 2926 395 2974 prorsus
406 2910 566 2962 conformata
577 2919 617 2962 est
628 2911 694 2974 πρὸς
745 2911 814 2960 tonis
830 2913 859 2961 in
872 2913 978 2977 Gorgia,
994 2914 1041 2962 ubi
1057 2914 1095 2962 ait
1111 2914 1228 2964 Socrates

209 2979 237 3030 τὸ
259 2974 414 3038 νοούμενον.
451 2978 552 3043 Quippe
574 2980 602 3032 iu
624 2977 695 3029 i‘dcov
746 2978 777 3028 de
794 2994 823 3045 se
840 2986 866 3029 et
886 2979 995 3030 Callicle
1013 2980 1103 3030 ambos
1120 2996 1149 3031 se
1166 2980 1227 3032 duo·

209 3045 439 3109 comprehenditur
461 3047 539 3096 simul
561 3049 632 3096 notio
656 3047 694 3097 di·
745 3063 802 3097 rum
813 3063 900 3097 amore
911 3049 1001 3110 teneri,
1018 3049 1105 3113 ipsum
1124 3049 1228 3114 quidem

209 3115 357 3167 versitatis:
375 3112 590 3164 undesubiicitur
602 3111 626 3181 ή,
638 3129 695 3200 per·
746 3114 891 3165 Alcibiadis
912 3125 938 3166 et
954 3116 1145 3182 philosophiae,
1170 3117 1228 3169 Cal·

210 3182 274 3239 iude
296 3197 329 3230 ac
351 3182 374 3230 si
397 3181 521 3247 seriptum
544 3189 613 3233 esset
635 3185 694 3233 utto
745 3182 833 3232 liolem
851 3199 911 3235 vero
931 3183 1014 3251 δήμου
1029 3185 1227 3236 Atheniensium

209 3269 231 3302 τι
250 3250 353 3312 ἔπασχε.
746 3258 773 3301 et
800 3246 895 3316 Δήμου
929 3251 1103 3316 Pyrilampis‚
1130 3253 1157 3303 id
1189 3260 1229 3304 est

246 3319 281 3371 D.
310 3315 389 3383 λέγω
410 3312 693 3384 divertissent]
745 3317 835 3384 populi
856 3325 882 3368 et
900 3321 988 3377 Demi,
1013 3321 1058 3383 qui
1080 3321 1227 3371 eratfilius

211 3383 496 3447 Totumhunclocum,
513 3385 694 3450 quisequitur,
743 3385 931 3451 Pyrilampis.''
978 3385 1090 3438 Comicis
1123 3395 1228 3452 propter

211 3452 355 3504 Ficinus
372 3450 474 3501 videtur
484 3452 560 3502 aliter
571 3455 694 3518 scriptum
745 3455 831 3519 ipsum
862 3450 957 3519 Δήμου
992 3469 1086 3505 nomeu
1120 3454 1228 3505 ludendi

210 3522 322 3586 legisse,
347 3534 431 3584 neque
450 3525 537 3573 tamen
553 3521 694 3586 quidquam
745 3520 940 3585 cavillandique
951 3522 1083 3572 materiam
1095 3524 1227 3587 praebuit;

209 3589 239 3639 in
268 3604 299 3638 eo
328 3586 481 3638 mutandum
508 3595 638 3652 putamus.
660 3617 693 3626 -
745 3606 769 3639 v.
795 3590 910 3639 Ranlre
937 3590 989 3639 vit.
1017 3589 1096 3640 Arist.
1121 3590 1228 3655 p..405.
1305 3597 1307 3601 '

212 3654 268 3709 uel
293 3659 349 3705 τοῦ
372 3653 629 3719 Πυριλάμπους,
655 3658 693 3709 in·
744 3657 1228 3724 RaspiusDeEupol.Demisp.94.

211 3723 270 3775 tell.
292 3721 368 3780 υἱοῦ,
392 3738 458 3786 quae
482 3724 602 3787 frequens
627 3726 693 3776 ratio
745 3723 997 3790 conl.infrap.513.
1011 3726 1039 3774 B.
1064 3726 1227 3791 Quamquam
1308 3768 1312 3777 .

210 3798 260 3845 est
287 3791 502 3854 Namquominus
520 3806 580 3843 oum
597 3792 694 3844 Hein·
744 3792 865 3857 Populi
899 3795 1086 3858 prosopopoeia
1115 3801 1228 3844 ceterum

210 3859 322 3910 dorfio
369 3854 463 3923 Δήμου
507 3859 692 3924 intelligamus,
745 3877 798 3911 non
816 3861 865 3909 fuit
882 3861 1007 3911 inaudita.
1035 3861 1138 3912 Statuas
1150 3864 1227 3912 Demi

209 3929 319 3992 linguae
339 3926 411 3990 leges
436 3926 581 3990 prohibent.
615 3929 694 3979 Ludit
745 3928 826 3978 Attici
849 3934 974 3978 memorat
994 3930 1184 3980 Pausanias
1206 3931 1227 3992 1,

208 4002 299 4046 autem
307 4009 510 4044 commemorans
525 3991 694 4060 δῆμονΑτΙιε-
745 3994 769 4058 1,
786 3994 810 4046 3.
835 4002 861 4045 et
877 3993 902 4057 3,
919 3995 943 4048 4.
978 3996 1098 4045 Eundem
1118 3997 1227 4049 Parrba-

208 4064 328 4114 niensem
337 4068 415 4127 atque
424 4062 528 4126 Δῆμον,
537 4062 694 4129 Pyrilampis
745 4065 798 4114 sius
810 4065 839 4113 in
856 4063 947 4113 tabula
964 4067 1175 4128 repraesentavit,
1195 4065 1226 4118 de

208 4131 301 4181 lilium.
336 4129 500 4194 Elegantiam
526 4129 577 4182 looi
600 4134 693 4195 partim
745 4135 795 4195 que
809 4131 877 4180 Plin.
887 4131 918 4180 N.
930 4132 965 4180 H.
977 4132 1085 4192 XXXV,
1096 4130 1138 4183 36.
1166 4133 1227 4182 Fal·

208 4198 353 4262 explicavit
396 4197 615 4248 Gasaubonus
660 4200 692 4248 ad
744 4200 807 4248 litur
833 4214 893 4247 vero
922 4198 1140 4250 casaubonus
1163 4202 1180 4251 l
1204 4216 1227 4250 c.

210 4267 375 4317 Athenaeum
392 4264 438 4325 1x',
457 4263 496 4315 12.
509 4281 535 4329 p.
545 4262 604 4316 397.
626 4268 693 4329 „De-
745 4264 908 4316 scribendum
931 4273 1026 4329 putans
1049 4266 1091 4316 aul
1117 4273 1162 4317 τοῦ
1182 4273 1227 4317 τοῦ

209 4349 268 4383 ntus
285 4333 329 4382 hic
347 4331 392 4382 ille
410 4331 471 4393 est'‘‚
488 4334 581 4397 inquit,
600 4332 693 4396 „petd-
745 4330 940 4397 Πυριλάμπους.
976 4333 1042 4382 Nam
1066 4350 1150 4398 neque
1167 4338 1226 4386 erti-

209 4402 286 4455 καὶαι
297 4406 324 4453 et
341 4399 471 4451 comtulus
488 4401 599 4464 iuvenis,
617 4418 693 4466 quem
744 4401 833 4452 culum
846 4400 936 4450 eodem
954 4415 1017 4450 casu
1032 4401 1073 4469 sic
1090 4403 1227 4468 repetitum
