3242 5259
549 599 604 656 AD
625 597 810 658 deuorari
831 599 1035 658 PLATONIS.
1255 603 1293 660 57

280 765 320 825 sit
341 766 442 842 potius
462 771 577 842 tempus
598 767 715 844 aliquod
735 767 787 826 illo
805 769 957 844 posterius,
978 770 1111 847 qnamris
1131 788 1190 826 non
1211 769 1297 843 longe

279 851 349 908 inde
378 851 523 924 dissitum,
551 872 609 930 quo
637 852 798 911 Ieoutinus
825 854 971 928 sophista,
1000 862 1116 929 peraeto
1143 854 1297 928 legationis

280 937 575 1008 munere,·Athenas
595 937 690 995 denuo
717 937 860 996 reviserit.
902 938 1032 1012 Iongius
1051 959 1122 996 vero
1142 939 1211 996 inde
1238 938 1297 996 dis·

281 1021 370 1079 oossit
406 1021 467 1078 Ed
495 1021 677 1080 Munlrius
702 1020 734 1078 in
761 1022 851 1080 libro:
885 1025 944 1081 Die
971 1024 1133 1082 satirls‘cbe
1161 1025 1297 1098 ardum

280 1108 330 1164 dor
352 1106 469 1164 Platon.
486 1107 641 1182 Sebastos,
662 1127 691 1181 p.
709 1111 787 1178 120,
807 1107 860 1185 qui
879 1107 1005 1165 maxime
1025 1118 1144 1183 propter
1156 1128 1199 1178 ea,
1221 1128 1297 1186 quae

280 1210 315 1264 p.
332 1195 405 1248 519.
428 1191 472 1248 ed.
488 1191 587 1267 Stepb.
609 1192 646 1249 de
659 1191 810 1250 Alcibiade
830 1193 1022 1262 disseruntur,
1044 1194 1081 1251 de
1101 1193 1208 1270 quibus
1228 1212 1297 1250 mox

280 1274 397 1333 dicetur
425 1275 613 1352 explicatius,
642 1275 789 1349 dialogum
817 1277 976 1335 arbitmnr
996 1277 1110 1354 Olymp.
1133 1284 1182 1347 90,
1207 1282 1233 1334 l.
1255 1298 1296 1328 =

282 1363 344 1416 420
367 1378 394 1416 a.
416 1359 483 1418 chr.
504 1380 534 1417 ιι
553 1360 687 1419 habitum
712 1361 792 1434 tingi.
834 1365 934 1439 Atque
961 1362 1095 1420 similiter
1122 1362 1212 1420 etiam
1237 1361 1296 1432 alii,

281 1443 338 1500 alia
359 1443 469 1502 similia
480 1445 595 1522 sequuti
615 1451 777 1520 temporum
796 1446 929 1520 vestigia,
951 1446 1089 1504 statuisse
1102 1447 1297 1522 reperiuntur,

280 1527 311 1584 in
333 1529 443 1605 quibus
463 1534 509 1588 est
528 1531 588 1587 Ed
610 1530 629 1586 J
636 1530 775 1587 abuius
793 1531 889 1588 Praet.
911 1532 948 1588 ad
969 1532 1055 1604 Gorg
1074 1552 1103 1607 p.
1124 1531 1209 1589 m
1238 1532 1295 1589 Sed

279 1612 440 1671 maximam
461 1616 498 1672 ab
519 1614 570 1672 illa
589 1615 736 1673 sententia
762 1615 965 1673 dimssionem
985 1617 1088 1674 fedsse
1107 1616 1296 1674 existimandi

278 1702 350 1755 suut
371 1698 424 1776 qui
444 1698 539 1757 habiti
558 1699 665 1773 dialogi
685 1706 800 1775 tempus
822 1701 858 1757 ad
880 1712 1040 1758 extremam
1064 1701 1134 1758 belli
1154 1701 1296 1776 Pelopon·

278 1782 390 1840 nesiaoi
410 1788 537 1841 aetatem
555 1785 741 1842 rettulerunt
768 1784 854 1846 Quod
874 1785 993 1862 quidem
1007 1786 1207 1861 praeteralios
1221 1786 1296 1843 feee-

279 1872 351 1925 runt
378 1866 437 1926 viri
464 1868 706 1943 praestantissimi
732 1869 830 1927 Frid
853 1870 1237 1929 Schleiermaeberus
1266 1878 1298 1930 et

279 1951 380 2010 Frid.
405 1952 556 2025 Aetius,
578 1953 734 2031 quiquum
753 1953 785 2010 in
805 1955 1297 2028 aliismultisdeGorgiaeeaussis

280 2042 310 2094 et
332 2036 463 2094 oonsiliis
484 2037 672 2108 dissentiant,
699 2044 798 2096 tamen
818 2039 850 2096 in
875 2059 910 2096 eo
931 2040 1096 2115 eouspirant
1117 2039 1296 2110 amicissime,

279 2121 358 2198 quod
387 2141 404 2178 e
432 2122 496 2180 loeo
524 2143 552 2197 p.
581 2124 651 2180 473.
680 2123 711 2180 (l.
744 2124 901 2181 olammime
929 2144 1067 2199 apparere
1094 2124 1298 2183 iudirareruut

280 2225 444 2265 sermonem
471 2225 531 2263 non
557 2207 615 2264 alio
641 2213 771 2283 tempore
798 2209 931 2266 habitum
958 2210 1029 2283 tingi
1064 2229 1152 2287 quam
1180 2208 1296 2285 Olymp.

283 2295 332 2361 93,
355 2296 384 2348 4.
413 2291 463 2349 vel
491 2296 551 2349 405
582 2311 608 2348 a
629 2291 696 2350 chr.
717 2312 756 2363 u,
785 2312 961 2371 quamquam
989 2313 1065 2371 quae
1093 2294 1162 2351 buia
1189 2293 1296 2352 rationi

281 2374 431 2433 adversari
456 2375 609 2447 videntur,
644 2396 680 2434 ea
708 2377 884 2451 diligentiori
914 2378 1041 2435 examini
1070 2379 1297 2456 haudquaquam

281 2459 478 2518 subiecerunt.
525 2464 625 2538 Atque
652 2461 729 2518 hano
754 2462 897 2520 rationem
924 2463 1059 2537 probavit
1079 2462 1167 2519 etiam
1188 2463 1220 2520 C.
1242 2463 1296 2520 rr.

281 2545 526 2603 Hermannus
545 2545 823 2604 inHistor.Philos.
838 2547 951 2604 Platon.
972 2547 1076 2603 Voll.
1096 2567 1125 2622 p.
1141 2550 1220 2616 476,
1241 2546 1295 2604 etsi

282 2630 318 2687 de
339 2630 443 2688 eadem
463 2650 491 2705 p
516 2633 585 2687 634.
607 2650 673 2687 aun.
689 2635 759 2688 390.
780 2631 912 2708 loquitur
931 2631 1122 2701 dubitantius,
1143 2650 1297 2704 argumen-

281 2714 320 2772 tis
341 2714 406 2772 eius
428 2714 602 2792 quibusdam
621 2715 653 2771 in
673 2716 900 2773 oontrorersiam
919 2716 1038 2774 roratis.
1067 2717 1173 2793 Itaque
1194 2724 1297 2792 sponte

281 2799 467 2872 intelligitur,
489 2799 597 2874 opinor,
617 2800 746 2858 virorum
766 2801 916 2859 doctorum
942 2801 1047 2858 iudicia
1068 2801 1123 2858 bae
1143 2801 1175 2857 in
1196 2819 1299 2859 taussa

282 2884 445 2959 discrepare
465 2903 525 2941 non
544 2883 740 2956 mediocriter,
762 2885 996 2963 quandoquidem
1016 2886 1114 2959 agitur
1140 2886 1177 2943 de
1197 2886 1297 2944 disari-

281 2969 359 3026 mine
382 2969 536 3026 dumtaxat
561 2969 666 3042 viginti
694 2969 785 3029 trium
810 2990 961 3028 annornm
1003 2968 1080 3032 Quid
1108 2969 1216 3044 igitur?
1244 2990 1297 3046 pu-

280 3053 478 3112 tabimusne
469 3072 565 3128 ipsum
579 3055 739 3124 Platonem,
759 3056 830 3112 dum
842 3055 990 3129 dialogum
1006 3066 1036 3113 et
1050 3056 1298 3129 elegantissimum

281 3143 313 3196 et
333 3137 539 3232 gravissimum
559 3139 734 3214 composuit,
762 3140 794 3196 in
823 3140 997 3198 adornandis
1018 3140 1198 3198 sermonibus
1226 3141 1298 3200 adeo

279 3223 401 3282 fuisse
392 3222 571 3281 montiosum
591 3223 641 3284 vel
660 3224 880 3294 insonstantem,
902 3236 935 3282 ut
957 3243 995 3282 ne
1013 3224 1212 3283 informaverit
1232 3225 1296 3302 qui·

279 3309 348 3366 dem
368 3307 467 3366 auimo
488 3307 560 3366 uerti
585 3307 710 3366 alieuius
737 3310 875 3385 temporis
896 3320 1007 3367 statum
1033 3320 1064 3368 et
1084 3308 1297 3368 oouditionem?

280 3411 418 3451 auvero
445 3391 529 3450 nobis
556 3393 792 3468 persuadebimus
825 3413 893 3451 eum
920 3393 1048 3451 oonfusis
1074 3404 1105 3452 et
1132 3393 1298 3453 oommixtis

279 3483 445 3553 temporum
465 3475 581 3534 indiciis
599 3497 782 3536 eommunem
801 3479 948 3574 quandam
976 3484 1006 3537 et
1034 3497 1073 3536 ex
1100 3477 1191 3536 variis
1218 3486 1298 3537 aets-

280 3561 361 3620 tibus
389 3561 547 3620 oontlatam
579 3581 678 3620 rerum
712 3563 937 3638 ριιὶιῑίωτιιιιι
929 3563 1085 3658 imaginun
1112 3573 1297 3638 spatarum

280 3645 368 3705 sicuti
395 3665 491 3723 nuper
515 3646 751 3706 Deusolrlius
777 3648 896 3718 statuit,
923 3649 974 3726 qui
995 3648 1200 3724 philosophum
1221 3648 1297 3706 arbi·

278 3733 1092 3828 tratusestnoutmnoertumqnoddamtempns,
1120 3733 1298 3831 sedpotius

280 3836 464 3875 oommnnem
484 3817 640 3894 quamdam
658 3817 906 3892 temporisideam
926 3837 990 3876 esse
1011 3817 1171 3876 intuitum?
1198 3817 1298 3875 Enim-

279 3921 350 3961 vero
370 3901 457 3960 nobis
477 3899 595 3978 quidem
616 3906 723 3959 neutra
748 3901 844 3977 plaoet
870 3902 1024 3961 sententia
1067 3902 1200 3980 Utroque
1219 3901 1298 3960 enin

278 3990 365 4062 paeto
385 3986 577 4062 philosophus
603 3985 775 4060 grauiam
793 3986 957 4045 violaturus
977 3987 1082 4045 fuisset
1109 3986 1181 4045 artis
1210 3987 1298 4061 leges,

278 4091 318 4129 ex
338 4070 457 4150 quibus,
476 4069 564 4128 monti
582 4070 691 4129 tabulis
711 4070 841 4142 soeuieis,
862 4071 904 4129 ita
924 4071 1014 4130 etiam
1033 4070 1155 4144 dialogis
1176 4071 1213 4129 ad
1235 4070 1298 4130 illar

277 4176 345 4214 rum
366 4155 588 4214 similitudinem
608 4155 774 4232 compositis
800 4166 913 4214 sertum
940 4156 1058 4233 aliquod
1088 4166 1204 4231 tmpus
1231 4174 1298 4214 om-

277 4241 418 4301 stitutum
438 4259 504 4299 esse
524 4239 619 4310 debet,
640 4240 777 4318 adquod
796 4241 923 4318 denique
947 4239 1052 4310 omnia,
1073 4258 1149 4318 quw
1171 4249 1299 4316 aguntur

279 4331 369 4404 atque
391 4325 584 4395 disseruntur,
604 4325 793 4401 probabiliter
810 4325 914 4383 reterri
935 4334 1053 4403 queant.
1082 4325 1188 4403 ltaque
1208 4345 1296 4404 quw

279 4411 384 4473 sivisse
406 4430 479 4472 saue
498 4409 621 4483 iurabit,
640 4430 714 4469 num
726 4429 787 4491 qna
805 4422 921 4489 tempus
941 4409 1033 4491 possit
1052 4409 1159 4471 oerfius
1172 4410 1295 4484 deduim
