3242 5259
337 587 397 645 272
746 584 942 644 PLATONIS

281 749 372 824 Oeb
393 756 455 811 νῦν
475 745 514 830 δὴ
536 749 613 829 ᾤου.
659 749 758 812 ΚΑΛ.
792 741 863 811 Ούκ
884 741 946 811 olo'
974 746 1052 811 ἅττα
1078 743 1203 828 λέγεις,
1234 736 1343 810 aizo

331 867 460 929 κραιες,
488 842 553 909 ἄλλ’
575 850 673 909 ἄλλον
695 846 766 910 τινὰ
788 844 899 928 ἐρώτα.
940 847 1014 909 Eli.
1044 835 1150 919 Οὗτος
1179 843 1265 927 ἀνὴρ
1292 836 1344 927 ούχ

332 941 484 1025 ύπομίνει
511 941 735 1026 ὠφελούμενος
762 944 817 1007 καί
845 943 944 1017 αύτὸς
970 949 1068 1007 τοῦτο
1096 944 1253 1023 πάσχων,
1280 942 1344 1023 περὶ

334 1033 373 1107 οὗ
394 1042 413 1105 ὁ
433 1042 528 1123 λόγος
549 1040 624 1118 ἐστί,
645 1043 866 1125 κολαζόμενος.
897 1034 1000 1102 ΚΑΛ.
1025 1038 1111 1104 Ούδί
1132 1038 1169 1123 με’
1192 1063 1248 1122 μοι
1269 1038 1345 1122 μέλει

333 1132 430 1204 οὐδὲν
452 1127 498 1202 ὧν
518 1139 558 1202 eb
579 1137 696 1220 λὲγεις,
727 1140 781 1205 καὶ
801 1140 903 1202 ταύτοί
923 1153 974 1203 σοι
996 1140 1138 1219 Γοργίου
1160 1140 1258 1220 χάριν
1278 1138 1345 1203 οἶκε

331 1239 499 1319 κρινοίμην.
541 1240 618 1302 Est.
649 1231 740 1302 Εἶεν.
775 1238 806 1301 τί
834 1231 895 1300 οὖν
931 1235 971 1319 δὴ
991 1238 1200 1319 .ιτοιήσομεν;
1237 1237 1345 1316 μεταξύ

331 1337 390 1400 τὸν
424 1335 522 1416 λόγον
558 1336 774 1417 καταλύομεν;
816 1337 918 1398 ΚΑΛ.
957 1328 1066 1408 Αύτός
1101 1335 1231 1415 γνώσει.
1275 1336 1343 1399 Eli.

278 1457 309 1522 D
331 1427 408 1496 Ἀλλ’
432 1429 507 1496 οὐδὲ
537 1426 614 1507 τοὺς
634 1433 764 1514 μύθους
791 1432 871 1513 φασί
898 1431 1016 1514 μεταξὺ
1036 1428 1131 1512 θέμις
1151 1425 1239 1495 εἶναι
1259 1454 1345 1495 κατα·

332 1534 468 1610 λείπειν,
495 1523 561 1594 ἀλλ’
582 1527 751 1606 ἐπιθέντας
769 1533 933 1613 κεφαλήν,
960 1530 1014 1593 ίνα
1042 1528 1085 1612 μί]
1106 1533 1190 1593 ἄνευ
1210 1534 1345 1612 κεφαλῆς

384 1764 413 1814 Ο.
436 1765 488 1814 καλ
513 1761 614 1818 αὐτὸς
637 1770 730 1815 τοῦτο
748 1763 789 1832 τι]
826 1765 897 1816 Male
914 1770 975 1816 ante
992 1764 1175 1816 Heindorfium
1196 1761 1344 1832 posteinie

333 1839 459 1884 commate
476 1833 702 1900 distinguebatur·

384 1965 566 2033 ποιήσομεν
590 1997 624 2006 -
647 1965 869 2035 καταλύομεν]
908 1968 978 2019 Flor.
1000 1985 1026 2018 a.
1050 1960 1118 2049 Aeg.
1141 1968 1219 2020 Bodl.
1244 1971 1303 2021 Par.
1318 1971 1342 2020 Ρ.

332 2033 489 2102 ποιήσωμεν.
516 2039 574 2086 Par.
592 2037 643 2086 IV.
661 2041 783 2098 ποιοῖμεν.
818 2038 886 2086 Dein
905 2037 993 2101 Steph.
1012 2038 1199 2097 καταλύσομεν.
1223 2039 1283 2089 Par.
1300 2039 1343 2088 lv.

332 2105 401 2154 Flor.
419 2104 443 2153 b.
463 2122 489 2154 x.
506 2103 680 2165 καιαλύωμεν.
709 2106 774 2158 Ven.
794 2105 817 2155 Ξ
825 2102 856 2155 Σ.
873 2105 952 2154 Vind.
968 2102 992 2155 2.
1012 2102 1035 2155 7.
1053 2103 1128 2155 Bodl.
1146 2108 1344 2168 καταλείψομεν.

333 2173 384 2223 Sed
401 2179 469 2223 recte
487 2170 646 2234 καταλύομαν
665 2172 751 2224 Clark.
770 2173 830 2223 vat
848 2172 927 2222 Coisl
945 2171 1023 2222 Vind.
1042 2171 1066 2223 1.
1077 2171 1102 2223 6.
1118 2173 1180 2223 Par.
1198 2175 1342 2225 Bclsliw.

332 2241 408 2291 Bodl.
425 2241 495 2292 Flor.
513 2258 535 2294 a
554 2257 577 2291 c.
595 2241 619 2294 d.
637 2242 655 2291 f.
672 2259 705 2290 m.
724 2257 748 2292 ο.
765 2257 794 2303 a,
812 2240 882 2305 quod
899 2246 971 2291 tenet
987 2241 1065 2290 etiam
1083 2239 1142 2290 Ald.
1162 2247 1190 2291 et
1205 2242 1268 2293 Bas
1286 2241 1308 2293 l.
1322 2240 1342 2292 2.

334 2308 473 2359 Comorius
490 2307 596 2360 volebat
612 2312 815 2371 καταλείψομεν,
834 2308 880 2358 sed
896 2324 921 2358 v.
940 2308 1068 2359 Sebaefer.
1088 2307 1122 2358 ed
1135 2309 1273 2377 Aristopb.
1283 2309 1342 2360 Plut

333 2376 372 2426 ed.
389 2377 537 2428 Hemsterh.
555 2377 626 2444 Lipa.
650 2395 675 2442 p.
692 2375 750 2428 510.
773 2382 799 2426 et
820 2375 878 2427 550.
901 2374 934 2428 ad
957 2379 1029 2427 Poet.
1052 2377 1146 2427 Gnom.
1171 2378 1211 2429 ed.
1236 2379 1342 2430 Brunck.

332 2446 403 2512 Lips.
420 2463 446 2512 p.
464 2444 521 2498 148.
539 2452 566 2496 et
581 2445 696 2497 Lobeclr.
715 2444 747 2495 od
765 2444 908 2510 Phrynioh.
924 2461 949 2510 p.
967 2442 1018 2496 713
1034 2460 1088 2509 seq.

366 2647 395 2699 O.
428 2640 534 2701 Οὗτοι
562 2644 646 2713 α’νὴρ
675 2644 732 2712 ούχ
757 2643 815 2712 ύιτ.]

332 2715 419 2764 Etiam
441 2715 483 2765 hic
501 2708 578 2768 οὗτοι
602 2712 670 2782 ιίνήρ
695 2731 754 2765 cum
777 2716 816 2764 in-

333 2783 482 2847 dignatione
492 2783 587 2834 dicitur
595 2782 627 2832 de
637 2799 677 2845 eo,
687 2783 731 2847 qui
742 2799 817 2848 prae·

332 2865 391 2899 sens
410 2858 456 2900 est.
479 2866 505 2900 v.
527 2850 559 2900 ad
585 2866 610 2915 p.
626 2848 685 2901 467.
709 2853 738 2900 Β.
767 2851 815 2901 Oe·

332 2923 415 2966 terum
436 2918 468 2967 de
492 2919 597 2968 notione
615 2917 689 2968 verbi
710 2916 814 2982 κολάζε-

335 2986 398 3034 σθαι
419 2983 518 3035 'audias
544 2986 683 3035 Aristot.
709 2985 815 3037 Rhetor.

335 3053 364 3114 Ι,
382 3049 428 3114 10,
447 3050 492 3103 17:
520 3051 640 3116 διαφέρει
661 3052 690 3103 δὲ
707 3059 816 3116 τιμωρία

335 3119 377 3169 καὶ
396 3118 514 3172 κόλασις·
537 3117 553 3185 ἡ
571 3120 620 3182 μὲν
642 3117 815 3186 γὰρ-κόλασις

335 3193 381 3238 τοῦ
400 3184 540 3252 πάσχοντος
558 3186 732 3248 irradiatio,
750 3186 765 3275 ἡ
785 3189 815 3241 δὲ

335 3259 443 3321 τιμωρία
459 3261 504 3306 τού
522 3262 670 3317 ποιοῦντος,
689 3258 732 3306 ἵνα
749 3275 815 3307 απο-

334 3326 470 3390 πληρωύῇ.
515 3325 606 3390 Itaque
637 3328 744 3388 τιμωρία
775 3342 815 3375 re·

333 3393 414 3442 fertur
437 3392 470 3442 ad
493 3394 646 3458 exigendam
673 3392 815 3442 vindictam

331 3458 435 3525 legibus
469 3460 594 3524 debitam,
638 3457 741 3512 κόλασις
781 3461 814 3510 ed

331 3529 536 3595 emendationem
569 3537 594 3579 et
629 3529 814 3578 cohibitionem

331 3596 471 3661 peccantis,
488 3602 518 3646 ut
535 3613 594 3646 vere
611 3598 712 3647 monuit
729 3598 815 3660 Wyt·

332 3660 485 3714 t'enbaeh.
515 3662 548 3713 ad
578 3665 671 3715 Select.
702 3666 812 3730 princip.

330 3732 421 3783 histor.
444 3747 469 3796 p.
487 3729 545 3782 372.
586 3733 656 3782 Hinc
683 3732 814 3797 expendes

331 3801 383 3850 vim
396 3799 478 3849 additi
489 3799 620 3864 participii
630 3799 812 3863 κολαζόμενος,

331 3867 400 3933 quod
429 3882 512 3931 nuper
542 3868 592 3916 fuit
620 3868 666 3932 qui
700 3867 813 3917 deletum

331 3935 427 3996 vellet,
437 3935 537 3985 scilicet
553 3941 583 3985 ut
601 3937 711 3985 otiosum
729 3943 755 3985 et
772 3952 814 3986 sn-

330 4019 528 4068 pervacaneum.

365 4071 512 4137 Γοργίου
530 4067 643 4135 χάριν]
667 4071 814 4134 Respicitur

330 4138 363 4187 ad
380 4154 404 4203 p.
423 4136 483 4189 497.
500 4140 530 4188 Β.
547 4137 605 4191 501.
624 4139 652 4188 Ο.

366 4197 471 4255 τίούν
490 4204 527 4271 δὴ
545 4204 745 4272 ιτοιήοομεν;
764 4222 812 4265 με·

333 4270 409 4335 ιαξύ
437 4270 492 4323 τὸν
527 4272 627 4339 λόγον
656 4275 811 4323 καταλύο·

332 4339 415 4405 μοις]
432 4343 540 4391 Prorsus
558 4342 647 4391 eodem
665 4342 740 4391 modo
751 4342 813 4391 Ger·

331 4407 432 4457 manica
449 4409 533 4460 dicas:
552 4426 605 4459 ιοοε
617 4426 673 4459 τινα
684 4410 737 4460 oleo
751 4426 812 4460 ωεν·

866 2646 916 2696 den
932 2646 981 2696 ιοίν
997 2645 1078 2697 than?
1102 2647 1223 2699 Brecben
1239 2649 1287 2700 ωίι·
1302 2647 1343 2699 das

867 2711 1001 2779 θαμιαιι
1017 2715 1046 2764 ia
1062 2715 1109 2765 αα
1127 2715 1202 2767 Mira
1219 2715 1272 2767 ab?
1300 2717 1343 2767 Fu·

866 2789 953 2832 turum
970 2784 997 2833 in
1008 2783 1060 2832 hac
1076 2783 1191 2835 formula
1202 2791 1342 2851 usurpem,

865 2849 969 2915 quando
1000 2847 1081 2915 qnid
1116 2851 1271 2903 futurum
1303 2854 1343 2903 sit

866 2920 1011 2983 quaer-itum
1044 2919 1232 2970 coniunctim·
1260 2927 1342 2972 contra

865 2986 1035 3037 dubitationis
1059 2986 1189 3038 indicium
1212 2989 1289 3052 facit,
1312 2991 1342 3039 its

865 3059 894 3104 ut
911 3054 1039 3120 significet
1055 3053 1170 3120 aliquem
1187 3057 1293 3108 consilii
1310 3059 1343 3106 in·

865 3138 939 3186 opem
953 3123 1067 3185 haerere,
1078 3123 1156 3187 quid
1172 3141 1232 3190 pro
1244 3140 1342 3176 rerum

865 3190 1063 3240 conditione
1086 3192 1280 3243 iaciendum
1297 3195 1341 3244 sit.

865 3260 955 3322 Itaque
977 3264 1046 3308 recte
1069 3259 1222 3324 Euripid.
1248 3262 1302 3312 Ιοιι.
1321 3276 1342 3310 v.

865 3324 928 3377 738:
953 3327 1069 3387 εἴπωμεν
1092 3323 1109 3391 ἢ
1133 3332 1264 3393 erpeium
1287 3326 1302 3394 ἢ
1323 3330 1345 3377 τί

866 3392 1012 3458 florinensem
1040 3409 1072 3443 ex
1096 3395 1193 3458 quibus
1221 3396 1288 3447 illud
1310 3402 1344 3446 est

865 3462 1044 3522 deliberantis,
1063 3461 1113 3511 hoc
1130 3462 1171 3526 id,
1194 3465 1267 3528 quod
1282 3465 1343 3514 intu-

864 3546 921 3579 rum
939 3536 993 3591 est,
1010 3531 1155 3595 ignorantis
1172 3538 1254 3596 atque
1271 3531 1301 3582 de
1317 3547 1343 3582 eo

865 3597 1022 3648 dubitantis:
1040 3597 1117 3646 sollers
1133 3598 1183 3648 wir
1196 3600 1278 3650 roden
1289 3600 1345 3651 oder

864 3663 1018 3730 aolrweiqen?
1034 3665 1096 3715 oder
1112 3682 1167 3716 woa
1183 3667 1287 3718 werden
1301 3667 1344 3717 seir

865 3731 945 3783 tlon?
983 3733 1124 3782 Diversum
1157 3750 1238 3785 usum
1271 3734 1345 3786 babet

864 3816 986 3865 praesens
997 3808 1108 3865 tempus,
1121 3817 1174 3865 quo
1186 3800 1219 3852 de
1229 3819 1261 3853 eo
1272 3819 1345 3868 quee-

864 3870 942 3932 ritnr,
974 3868 1043 3934 quod
1066 3869 1118 3918 iem
1143 3885 1216 3921 nunc
1245 3870 1287 3933 fit,
1318 3875 1345 3920 ut

863 3937 889 3985 h.
907 3937 926 3986 l.
943 3952 969 3986 v.
991 3935 1025 3986 ad
1048 3935 1167 4001 Sympos.
1190 3954 1217 4004 p.
1243 3936 1299 3990 lle
1316 3939 1344 3988 Δ.

865 4004 951 4065 Quum
968 4004 1048 4070 igitur
1069 4005 1097 4052 in
1115 4020 1146 4054 eo
1165 4006 1199 4055 sit
1217 4006 1345 4068 Callicles,

863 4077 893 4120 ut
921 4071 1122 4136 disputationem
1150 4073 1290 4140 abrumpet
1314 4088 1344 4124 ac

863 4139 945 4201 finiat,
962 4139 1041 4189 facile
1051 4146 1166 4204 apparet,
1186 4157 1233 4191 cur
1247 4142 1344 4192 dicatur

864 4204 1039 4268 καταλύομαν,
1058 4223 1142 4272 neque
1160 4207 1343 4270 καταλύσομεν,

864 4275 933 4338 qnod
967 4275 1157 4340 Stephanus
1198 4278 1343 4328 discrimine

863 4344 984 4392 dictionis
1014 4359 1066 4392 non
1094 4351 1231 4410 perspecto
1256 4347 1342 4395 invitis

862 4411 936 4460 libris
964 4413 1087 4476 reposuit.
1132 4413 1239 4463 Erravit
1267 4414 1343 4481 igitur
