3242 5259
558 618 613 676 AD
636 615 1043 678 concinnamenta.
1268 621 1306 676 51

287 780 355 857 IV.
391 780 450 854 De
483 782 733 901 temporibus,
764 782 913 881 ¹quibus
952 780 1115 881 Gorgias
1151 781 1308 882 scriptus

288 907 474 1004 videatur,
502 908 623 1008 deque
642 908 719 984 eius
738 935 824 986 cum
843 908 927 984 aliis
945 909 1112 984 Platonis
1132 909 1307 1010 operibus

372 1036 657 1110 necessitudine.
701 1036 758 1110 De
786 1036 928 1136 dialogi
953 1036 1075 1112 habiti
1100 1047 1230 1111 aetate.

352 1209 411 1267 sed
432 1209 506 1267 haec
519 1208 583 1285 ipss
603 1228 650 1267 res
671 1209 809 1287 quoniam
823 1209 982 1267 arctissime
1004 1209 1157 1268 coniuncta
1176 1214 1222 1268 cst
1241 1229 1307 1268 cum

286 1293 487 1371 disputatione
508 1295 544 1352 dc
564 1298 695 1370 tempore
715 1294 783 1353 libri
803 1295 910 1365 natali,
932 1294 1009 1352 ultro
1030 1294 1090 1351 iam
1110 1296 1307 1372 quaerendum

286 1378 386 1451 venit,
416 1395 542 1457 quanam
563 1379 642 1440 vitae
664 1383 760 1438 aetate
780 1379 971 1455 philosophus
991 1379 1070 1437 hunc
1090 1380 1237 1454 dialogum
1257 1381 1306 1439 lit·

286 1464 360 1523 teris
380 1463 603 1538 consignaverit.
632 1463 747 1523 Nititur
766 1469 865 1524 autem
883 1464 971 1522 huius
990 1463 1033 1522 rei
1048 1463 1206 1540 disputatio
1226 1484 1306 1523 mera

285 1549 470 1621 coniectura,
497 1548 732 1627 quandoquidem
762 1554 864 1621 notae,
892 1551 970 1608 unde
997 1550 1033 1607 de
1054 1549 1122 1608 libri
1141 1550 1306 1625 primordiis

287 1633 401 1712 aliquid
424 1633 558 1708 colligere
578 1633 673 1706 liceat,
695 1634 793 1692 nullae
814 1635 974 1711 peculiares
995 1635 1188 1710 reperiuntur.
1223 1636 1307 1694 Facit

285 1723 387 1778 tamen
408 1718 505 1794 ipsum
532 1718 627 1794 operis
648 1723 854 1794 argumentum
873 1719 994 1798 eiusque
1016 1735 1092 1777 cum·
1105 1720 1169 1779 aliis
1190 1721 1305 1795 scriptis

286 1803 447 1863 Platonicis
468 1804 633 1862 coniunctio
659 1823 693 1862 ac
712 1804 911 1876 necessitudo,
939 1811 975 1864 ut
1002 1824 1037 1862 ec
1064 1805 1096 1862 in
1118 1824 1219 1863 caussa
1246 1824 1305 1862 non

286 1890 376 1965 plane
404 1889 516 1947 consilii
544 1888 645 1965 inopes
666 1889 846 1948 haereamus.
888 1890 965 1948 Nam
992 1889 1039 1947 his
1062 1889 1250 1949 consideratis
1270 1891 1305 1949 fit

286 1993 359 2032 saue
378 1974 466 2048 longe
486 1973 728 2034 verisimillimum
748 1975 889 2050 scriptum
909 1975 983 2033 illud
1003 1993 1066 2032 esse
1093 1980 1159 2050 post
1178 1975 1304 2033 socrate

286 2059 409 2131 obitum,
432 2078 489 2137 quo
511 2062 639 2135 tempore
659 2059 848 2136 philosophus
870 2060 947 2136 apud
969 2059 1097 2117 animum
1114 2060 1304 2118 constituerat

286 2143 318 2202 in
339 2163 427 2202 omne
445 2149 562 2220 tempus
583 2144 765 2220 publicorum
785 2144 968 2220 negotiorum
988 2144 1231 2203 administrationi
1252 2164 1302 2204 va-

287 2229 413 2302 ledicere
431 2233 522 2306 atque
542 2229 634 2290 vitam
661 2249 746 2288 suam
773 2230 858 2288 unice
878 2229 1079 2306 philosophiae
1103 2229 1209 2288 studiis
1237 2249 1302 2287 con·

286 2310 407 2372 merare
450 2314 541 2373 cuius
568 2314 730 2373 sententiae
748 2317 867 2374 nostae
895 2315 948 2373 has
975 2315 1037 2372 fere
1064 2333 1181 2374 caussas
1207 2320 1238 2374 et
1256 2335 1302 2373 ra-

285 2399 381 2474 tiones
409 2398 559 2458 habemus.
614 2397 744 2457 Primum
779 2400 858 2457 enim
892 2419 994 2458 caussa
1021 2399 1147 2458 Socratis
1181 2400 1302 2477 eiusque

287 2483 435 2543 wcusatio
460 2482 628 2542 idemtidem
654 2484 849 2558 significatur,
879 2489 913 2544 ut
947 2505 975 2559 p.
1005 2487 1075 2540 434.
1103 2485 1134 2541 O.
1169 2488 1239 2540 469.
1267 2485 1300 2541 Β.

288 2574 359 2628 485.
386 2569 421 2626 Β.
452 2573 522 2627 500.
550 2568 581 2626 O.
611 2573 681 2626 521.
709 2570 740 2628 O.
769 2570 805 2626 D.
836 2573 905 2626 522.
934 2570 971 2626 Α.
1000 2569 1043 2638 B.,
1064 2567 1152 2644 idque
1178 2569 1213 2625 fit
1240 2587 1299 2624 non

286 2653 349 2712 sine
374 2652 519 2728 singulari
547 2652 715 2726 acrimonia,
745 2659 780 2712 ut
805 2654 934 2728 profecto
954 2651 1142 2711 manifestum
1162 2651 1215 2724 sit,
1243 2672 1301 2730 quo

286 2742 418 2814 tempore
452 2737 641 2815 philosophus
675 2738 749 2796 haec
777 2737 883 2797 litteris
919 2736 1064 2809 exaravit,
1101 2738 1228 2795 dolorem
1264 2757 1301 2794 cx

286 2823 389 2899 optimi
416 2822 548 2896 magistri
575 2827 670 2882 morte
695 2827 862 2899 susceptum
890 2827 942 2881 aut
974 2827 1123 2896 recentem,
1148 2823 1243 2880 adhuc
1270 2823 1302 2879 in

288 2908 383 2966 animo
404 2907 498 2983 ipsius
518 2907 646 2967 haesisse
673 2913 725 2966 ant
750 2909 845 2966 denuo
871 2907 1073 2967 vehementius
1093 2907 1302 2966 exsuscitatum

286 3011 357 3052 esse
401 2993 451 3050 Ex
479 3010 537 3070 quo
569 3011 747 3071 consequens
776 2999 834 3064 est,
871 2998 906 3052 ut
932 2993 1064 3068 dialogus
1091 2992 1302 3052 existimandus

286 3077 323 3137 sit
337 3081 393 3136 aut
406 3077 523 3137 nonita
536 3079 628 3136 multo
642 3083 709 3154 post
723 3078 848 3137 Socratis
862 3077 974 3136 obitum
988 3083 1040 3137 aut
1052 3077 1190 3152 temporis
1204 3078 1302 3154 aliquo

286 3163 423 3233 articulo,
454 3162 509 3241 qui⁴
526 3162 589 3223 eius
609 3162 782 3223 memoriam.
796 3161 999 3223 vehementius
1024 3162 1224 3233 resuscitaret,
1253 3162 1302 3221 lit-

285 3247 356 3307 teris
379 3246 565 3322 consignabis
587 3266 657 3307 esse.
692 3249 769 3305 Nam
787 3249 867 3326 quod
887 3247 1022 3306 Aetius
1042 3248 1087 3306 De
1108 3247 1171 3307 vita
1192 3247 1301 3305 etscri-

284 3333 344 3408 ptis
357 3329 516 3408 Plaeoap.
535 3332 602 3390 137.
624 3332 692 3390 inde
714 3333 838 3406 collegit,
860 3331 985 3406 origines
999 3331 1094 3407 operis
1114 3332 1147 3388 in
1167 3331 1231 3405 ipsa
1250 3331 1302 3388 illa

284 3422 417 3492 ternpore
438 3417 625 3476 conferendas
646 3436 722 3490 esec,
745 3417 850 3495 quibus
872 3435 974 3475 caussa
995 3415 1122 3475 Socratis
1142 3415 1174 3471 in
1194 3415 1301 3471 iudicio

285 3502 323 3561 sit
336 3505 464 3574 versata,
485 3501 515 3559 id
531 3501 674 3562 refellitur
686 3502 757 3560 locis
771 3501 974 3578 compluribus,
986 3506 1021 3560 ut
1034 3521 1062 3576 p.
1077 3504 1146 3558 522.
1160 3501 1197 3558 Α.
1212 3518 1301 3577 seqq,

284 3586 336 3645 ubi
356 3586 501 3665 iniustum
521 3586 765 3663 virisupplicium
786 3606 846 3644 non
861 3588 981 3645 obscure
995 3585 1183 3660 significatur.
1212 3587 1302 3643 Porro

284 3671 422 3746 aergiam
443 3671 630 3733 manifestum
655 3675 702 3732 cst
721 3671 845 3731 arctiore
873 3673 998 3752 quadam
1020 3670 1183 3747 argumenti
1203 3688 1302 3729 neces·

283 3902 327 3955 dee
345 3900 480 3968 Socrates,
501 3902 563 3954 dosa
579 3919 642 3954 man
664 3918 744 3969 sapen
760 3901 865 3966 kdnnte,
889 3919 915 3954 ee
936 3903 973 3953 sei
995 3903 1056 3953 ades
1079 3901 1238 3954 Wcmacte
1254 3917 1303 3953 oon

283 3971 342 4022 dort
358 3996 407 4036 —,
434 3987 488 4021 nen
503 3969 566 4021 dher
587 3969 629 4022 dic
645 3969 822 4022 nemiueldcre
839 3970 999 4036 persdnlicbe
1015 3971 1161 4035 Beaiebnnp
1183 3969 1302 4034 aboleta

283 4036 451 4104 torpescat?
483 4036 556 4090 Idem
571 4044 663 4104 postea
680 4037 763 4089 addit:
782 4037 841 4102 „Es
858 4039 954 4088 cebant
970 4038 1032 4090 cher
1040 4039 1108 4105 fast,
1126 4037 1164 4087 als
1181 4037 1304 4088 habedic

285 4107 409 4172 Apoloyte
425 4106 470 4156 des
489 4103 608 4157 Sacram
620 4134 653 4145 -
670 4106 712 4158 dle
724 4105 885 4171 persbnls'cbc
895 4105 1040 4170 Beaicbsmp
1057 4106 1127 4156 nicht
1142 4105 1235 4154 conch]
1248 4121 1303 4156 cer-

283 4175 365 4239 arec
383 4174 424 4224 cle
441 4173 560 4225 vaces
576 4175 726 4236 commi,
746 4173 803 4224 and
819 4175 856 4224 sei
878 4175 934 4224 cine
950 4174 1071 4240 Aesepia
1087 4175 1132 4225 de
1148 4173 1242 4224 Pluma
1262 4189 1303 4238 pe-

285 4243 399 4295 ecdem
417 4269 450 4281 -
469 4238 533 4294 Sat
549 4242 623 4294 scibat
638 4259 670 4293 aa
685 4240 740 4292 recl
769 4241 864 4307 estipen
880 4242 943 4292 dher
958 4242 1027 4291 seim
1036 4241 1227 4308 sortdccernde
1239 4241 1305 4307 poli·

284 4308 362 4364 tisclse
386 4308 560 4376 Ucttattqtec
600 4308 711 4376 aupleicb
732 4327 749 4359 c
778 4325 794 4358 r
817 4309 883 4360 auch
900 4326 932 4359 aa
953 4309 1053 4374 mccc,
1074 4309 1120 4360 wie
1130 4308 1258 4374 fnrcbtlos
1275 4325 1304 4359 cr

252 4420 255 4428 .
282 4376 373 4430 seem
392 4345 615 4447 pbdesopbiscben
643 4378 702 4450 Waq
717 4377 889 4442 forteneetzen
911 4376 1007 4443 mle,
1028 4377 1096 4430 dicae
1118 4376 1223 4428 Absicbt
1243 4377 1306 4428 lacet

280 4444 404 4511 αἰώραν
420 4444 486 4499 wald
497 4445 599 4499 witer·
615 4445 647 4498 ta
662 4453 738 4497 cucco
755 4450 872 4510 spaterer
889 4444 967 4495 Zeis?

1065 4545 1104 4598 4*
