3242 5259
549 626 604 685 ΑΙ)
626 621 810 687 GORGIAM
832 626 1035 685 PLATONIS.
1260 630 1299 685 73

277 796 389 871 petitas
425 797 462 853 ad
489 797 759 872 interpretationem
791 796 858 854 libri
887 796 1044 873 quidquam
1079 798 1171 853 bonae
1208 795 1300 870 frugis

277 880 417 938 contulit.

323 964 506 1023 Platonis
527 964 684 1039 Dialogi
706 966 791 1038 duo,
814 964 974 1038 Gorgias
996 970 1031 1022 et
1052 965 1298 1023 Theaetetus,

278 1049 460 1108 Emendavit
481 1053 511 1107 et
532 1054 629 1108 annot.
659 1050 801 1108 instruxit
821 1051 855 1107 L.
877 1050 909 1106 F.
931 1049 1198 1106 Heindorfius.
1242 1051 1298 1106 Αο-

280 1134 360 1193 cedit
374 1133 549 1192 Auctarium
571 1134 853 1193 animadversionum
867 1135 927 1191 Ph.
950 1133 1182 1192 Buttmanni.
1204 1134 1298 1191 Berol.

283 1223 374 1276 1805.
399 1223 427 1275 8.
449 1218 549 1276 Editio
569 1219 827 1294 praestantissima,
848 1240 876 1278 v.
892 1220 1018 1276 Praefat.
1040 1219 1076 1276 ad
1098 1219 1130 1276 T.
1151 1219 1176 1275 Ι.
1198 1218 1298 1294 Operr.

281 1303 357 1362 Plat.
365 1322 393 1377 p.
402 1303 436 1360 L.
444 1300 582 1377 Repetite
594 1304 666 1362 haee
680 1303 768 1362 editio
781 1311 826 1361 est
840 1307 959 1361 curante
973 1304 1190 1361 Buttmanuo
1209 1308 1297 1360 1829.

345 1380 545 1465 Ξενοφῶντος
554 1381 880 1465 Ἀπομνημονεύματα
899 1385 956 1445 καῖ
968 1382 1181 1457 Πλάτωνος
1201 1387 1232 1444 Γ
1237 1409 1297 1466 ορ-

279 1470 386 1548 γίας,
416 1466 587 1542 ἐκδιδόντος
614 1470 662 1530 καὶ
685 1471 885 1552 διορθοῦντος
906 1472 950 1529 A.
972 1471 1013 1530 K.
1042 1472 1082 1546 (h.
1106 1493 1130 1530 e.
1154 1471 1298 1551 Κοραῆς).

280 1552 336 1614 Ἐν
357 1554 529 1635 Παρισιόις.
552 1559 588 1614 A.
614 1562 702 1615 1825.
727 1563 753 1614 8.
797 1559 852 1614 Est
880 1558 951 1614 haec
971 1576 1037 1632 pars
1066 1557 1300 1634 quintadecima

280 1641 483 1699 Bibliothecae
498 1641 623 1699 Graecae
645 1642 745 1700 avire
766 1641 1015 1716 praestantissimo
1032 1642 1135 1700 editae.
1164 1643 1300 1700 Continet

280 1725 393 1784 scholia
421 1725 531 1784 Graeca
559 1730 589 1784 et
617 1729 719 1786 breves
749 1726 868 1784 editoris
897 1726 1114 1797 annotationes,
1143 1727 1299 1783 maximam

280 1815 397 1887 partem
418 1809 540 1868 audeas.

346 1897 503 1952 Praeterea
529 1895 665 1952 Astius
694 1894 785 1952 edidit
812 1894 1111 1952 Commentarios
1146 1895 1184 1952 in
1214 1895 1298 1954 Gor-

283 1979 383 2052 giam
404 1979 488 2052 longe
510 1979 669 2037 uberrimos
685 1985 714 2037 et
729 1979 947 2055 copiosissimos,
970 1979 1131 2055 Operum
1152 1979 1298 2039 Platon.

283 2063 347 2121 Vol.
371 2064 429 2120 XI.
451 2084 478 2139 p.
504 2064 650 2135 1-478.,
678 2062 709 2119 iu
731 2063 836 2140 quibus
857 2062 973 2122 videtur
1000 2064 1140 2142 quidquid
1162 2066 1298 2123 antesin

282 2149 361 2205 hunc
383 2148 491 2205 librum
512 2149 651 2224 scriptum
677 2155 753 2206 esset
774 2167 927 2222 congerere
950 2155 979 2205 et
1001 2149 1106 2207 additis
1128 2149 1188 2207 suis
1210 2169 1298 2206 anno-

283 2233 445 2291 tationibus
465 2252 633 2307 percensere
654 2232 790 2290 voluisse.
834 2231 1027 2294 Quamobrem
1053 2233 1141 2291 etiam
1161 2234 1298 2311 pleraque

284 2317 381 2374 omnia
403 2336 518 2387 eorum,
548 2337 621 2395 quae
643 2336 705 2390 nosv
723 2316 754 2372 in
782 2317 875 2392 prima
897 2317 1023 2375 editione
1052 2319 1246 2394 exposuimus,
1268 2319 1297 2377 in
1374 2330 1381 2341 “

283 2401 504 2459 Commentariis
532 2401 596 2460 istis
624 2401 672 2460 vel
699 2401 802 2459 iisdem
831 2402 879 2459 vel
907 2401 971 2459 aliis
998 2402 1095 2461 vorbis
1123 2403 1298 2463 referunt-ur.

285 2487 341 2544 Sed
363 2486 434 2563 quid
455 2486 498 2543 rei
512 2485 558 2558 sit,
580 2486 636 2561 ipsi
650 2485 781 2560 legentes
801 2486 928 2557 videant,
951 2484 1081 2544 adhibita
1093 2493 1192 2544 tamen
1205 2487 1298 2562 prima

286 2576 387 2628 nostra
409 2569 550 2642 editione,
581 2591 618 2628 ne
638 2569 670 2627 in
691 2590 817 2628 errorem
846 2576 934 2647 etque
955 2571 1086 2627 fraudem
1114 2569 1298 2644 inducantur,

285 2655 375 2712 sicubi
400 2654 470 2731 quid
491 2655 582 2727 nobis,
604 2655 674 2732 quid
695 2655 805 2713 Astio
827 2656 974 2726 debeatur,
995 2655 1181 2713 iudicandum
1202 2656 1248 2714 sit.

346 2740 467 2796 Pleione
491 2742 618 2814 Gorgiae.
651 2741 812 2797 Gre'ceba‘seb
833 2742 892 2797 aad
912 2741 1049 2803 Deatsclr.
1073 2742 1126 2798 neit
1146 2742 1299 2799 tractatio

285 2827 341 2882 aad
361 2824 545 2882 erkldrcndea
567 2825 791 2899 Anmerloanpea.
826 2825 960 2899 Leipzig,
990 2820 1081 2881 1867.
1112 2831 1138 2882 8.
1162 2826 1230 2884 min.
1253 2847 1297 2904 ap.

285 2909 477 2982 Eugelmann.
498 2909 588 2966 Τοῐο.Ι
600 2909 688 2966 XXI.
711 2908 838 2968 univers.
860 2927 980 2984 operum
1000 2909 1113 2967 Platon.

345 2994 466 3050 Platona
497 2995 625 3069 Gorgias.
675 2993 740 3050 Fa'ir
768 2996 819 3050 den
847 2993 1071 3068 Sedalpebrcaed
1104 2995 1214 3053 erkld'rt
1248 3016 1299 3053 οοο

286 3079 321 3132 D.
351 3077 487 3134 Julius
513 3078 707 3136 Deusedle.
730 3079 857 3153 Letpst'q,
888 3074 980 3135 1859.
1004 3084 1031 3136 8.
1053 3079 1119 3136 mai.
1142 3100 1186 3155 ap.
1208 3081 1241 3137 B.
1264 3081 1297 3137 G.

285 3161 437 3232 Teubner,
459 3163 494 3219 de
516 3181 574 3239 qua
588 3161 713 3220 editione
734 3183 762 3219 v.
778 3162 817 3219 H.
839 3162 990 3221 Bonita:
1013 3165 1249 3240 Zettsedra'ftfa'r
1271 3169 1297 3223 d.

286 3247 444 3303 deterreret.
461 3248 638 3322 Gymnesiae,
662 3242 753 3304 1859.
776 3246 884 3304 Fascic.
906 3247 945 3304 X.
963 3268 990 3322 p.
1007 3248 1182 3305 786—808.

343 3331 466 3388 Platone
485 3333 618 3405 Gorgias.
668 3333 729 3388 Ma't
743 3332 910 3405 Ea'nlet‘tanp
931 3335 990 3390 aad
1010 3334 1226 3408 Aamcrkunpea
1247 3355 1298 3391 oon

285 3414 437 3557 ffdtqlpqd
457 3415 485 3473 J
487 3417 565 3497 aba:
615 3416 709 3480 Wo'ea,
740 3411 833 3472 1859.
862 3420 888 3472 8.
911 3416 980 3474 min.
1030 3415 1127 3475 Editio
1154 3417 1298 3475 tironibus

302 3517 330 3555 es
378 3517 436 3555 aa.

342 3584 501 3641 Praeterea
534 3584 570 3641 de
604 3583 711 3658 Gorgia
745 3583 875 3642 Platonis
908 3586 964 3642 hae
999 3584 1168 3660 scriptiones
1203 3586 1297 3662 prodi-

284 3672 380 3726 erunt:

343 3751 583 3809 Dissertatio
624 3751 809 3810 literaria
852 3753 894 3809 de
930 3752 1108 3811 Platonis
1145 3754 1294 3829 Gorgia,

286 3853 369 3910 quam
398 3834 514 3911 publico
551 3840 580 3893 et
607 3836 739 3894 sollemni
769 3837 902 3894 examini
938 3837 1085 3896 submittit
1112 3839 1140 3895 N
1147 3838 1296 3897 icolaus

288 3918 431 3995 Sybren
453 3919 653 3996 Sybrandi.
676 3922 804 3978 Harlem.
832 3926 919 3979 1829.
944 3926 1123 3997 8.-Aug.
1146 3923 1294 3981 Ferdin.

287 4002 413 4062 Dbhne
442 4005 487 4061 De
516 4004 662 4083 aliquibus
688 4005 818 4064 Platonis
838 4005 922 4063 loeis.
951 4006 1067 4083 Lipsiae
1092 4012 1179 4064 1829.
1203 4014 1231 4064 4.
1253 4041 1295 4049 —

289 4089 317 4145 A.
348 4082 565 4147 Salomonis
593 4090 801 4164 Voegelini
831 4092 1120 4150 Adnotationes
1149 4091 1187 4148 iu
1215 4092 1295 4150 Pla-

289 4174 386 4231 tonis
423 4173 613 4247 Gorgiam,
657 4194 731 4252 quae
766 4175 893 4234 insertae
928 4182 997 4234 suut
1030 4175 1112 4234 Actis
1148 4175 1295 4236 societatis

290 4255 409 4315 Graecae
417 4257 648 4333 LipsiensisVol.
658 4261 682 4316 I.
691 4260 773 4317 Fasc.
781 4261 823 4317 Π.
831 4281 857 4335 p.
868 4264 1042 4317 231-254.
1051 4262 1132 4318 -Β,
1147 4262 1240 4319 Boni
1248 4266 1293 4335 tz,

290 4341 464 4401 Plotooisebe
486 4345 614 4401 Studien.
644 4347 733 4416 Wa'ea,
753 4342 845 4402 1858.
870 4350 896 4401 8.
911 4344 987 4415 mai,
1009 4345 1059 4403 ubi
1074 4347 1110 4402 de
1124 4353 1295 4420 argumento

292 4431 316 4483 et
334 4426 453 4491 consilio
474 4427 581 4502 dialogi
595 4450 622 4504 p.
640 4434 751 4488 3—41.
766 4435 850 4492 acute
871 4429 1135 4507 disputatur-ll.
1156 4432 1190 4491 Β.
1212 4433 1294 4495 Hir-
