3242 5259
386 613 448 667 242
777 668 780 674 ,
799 606 996 667 PLATONIS

386 771 496 835 ὁποῖαι
516 768 642 851 α’γαθαλ
662 769 715 834 καὶ
736 771 850 846 κακαί,
877 765 944 833 α’λλ’
974 765 1020 833 ἔτι
1039 767 1094 833 καὶ
1119 776 1183 832 νῦν
1204 766 1288 850 λε’γε,
1317 769 1400 832 πότε

387 892 447 950 ρον
467 863 535 952 φῇς
554 863 637 932 εἶναι
655 868 693 932 τὸ
715 864 794 933 αὐτὸ
814 867 877 952 ἡδὺ
897 867 952 931 καὶ
972 860 1121 949 ἀγαθόν,
1141 864 1163 948 ἢ
1183 860 1271 929 εἶναί
1290 888 1322 929 τι
1340 869 1401 929 τῶν

386 958 500 1050 ἡδέων,
522 963 540 1029 ὃ
562 961 623 1030 οὐκ
645 964 730 1031 ἔστιν
751 960 896 1048 ἀγαθόν;
920 969 1023 1032 ΚΑΛ.
1036 959 1107 1029 Ἵνα
1127 965 1167 1046 δή
1189 988 1244 1046 μοι
1264 961 1310 1047 μὴ
1330 963 1400 1028 dvo·

386 1066 628 1147 μολογούμενος
654 1060 677 1146 ᾖ
706 1064 725 1129 ὁ
752 1065 863 1146 λόγος,
892 1062 950 1127 ἐὰν
978 1063 1088 1144 ἕτερον
1115 1064 1210 1145 φήσαι
1238 1057 1341 1142 εἶναι,
1367 1062 1401 1126 τὸ

386 1156 467 1228 αιἰτό
488 1186 571 1245 φημι
591 1157 682 1227 εἶναι.
720 1165 794 1226 Est.
817 1162 1037 1243 Διαφθείρεις,
1060 1153 1086 1223 ὦ
1108 1162 1310 1239 Καλλίκλεις,
1331 1161 1401 1235 τοὺς

386 1262 535 1340 πρώτους
554 1262 688 1341 λόγους,
717 1260 772 1353 οιαὶ
800 1253 863 1324 οὐκ
887 1259 928 1324 ἂν
955 1257 1000 1323 ἔτι
1027 1250 1090 1341 μετ’
1118 1255 1198 1340 ἐμοῦ
1226 1259 1347 1333 ἱκανῶς
1367 1259 1402 1322 τὰ

387 1362 467 1424 ὄντα
494 1356 663 1436 ἐξετάζοις,
692 1357 779 1437 ε’ίπερ
809 1355 898 1437 παρὰ
924 1357 963 1421 τὰ
992 1358 1153 1422 δοκοῦντα
1183 1361 1295 1445 σαυτῷ
1315 1354 1401 1439 ἐρεῖς.

337 1458 367 1526 Β
392 1459 496 1519 ΚΑΛ.
523 1454 600 1527 ,Καὶ
627 1455 690 1537 γὰρ
720 1456 778 1530 σύ,
811 1447 837 1518 ὦ
865 1448 1046 1537 Σώκρατες.
1096 1457 1175 1518 ΣΩ.
1213 1456 1264 1518 Οὐ
1292 1455 1402 1518 τοίνυν

388 1553 496 1634 ὀρθῶς
516 1557 599 1617 ποιοῖ
618 1551 686 1617 οὔτ’
709 1547 788 1635 ἐγώ,
818 1553 906 1633 ε’ίπερ
927 1558 1010 1617 ποιῶ
1030 1563 1135 1631 τοῦτο,
1162 1556 1237 1618 οὔτε
1258 1554 1310 1616 σύ.
1330 1547 1402 1628 ἀλλ’,

390 1643 581 1732 ὦμακοίριε,
603 1655 713 1731 ἄθρει,
742 1650 786 1733 μίγ
815 1652 855 1715 οὐ
876 1657 973 1716 τοῦτο
994 1647 1016 1732 ᾖ
1035 1653 1072 1714 τὸ
1093 1652 1238 1733 ἀγαθόν,
1268 1652 1307 1714 τὸ
1327 1652 1402 1714 τισίν·

388 1771 450 1822 τως
470 1751 607 1830 χαίρειν·
630 1749 730 1810 ταῦτα
750 1771 782 1812 τε
803 1748 866 1830 γὰρ
887 1749 925 1814 τὰ
946 1756 1010 1813 νῦν
1031 1747 1071 1832 δὴ
1093 1749 1284 1831 αίνιχθίντα
1303 1748 1401 1814 πολλὰ

389 1844 443 1908 καὶ
470 1845 584 1927 αἰσχρὰ
604 1847 752 1927 ι’ραίνεται
774 1849 1013 1929 συμβαίνοντα,
1045 1848 1072 1910 εί
1092 1857 1189 1911 τοῦτο
1211 1847 1317 1923 οὕτως
1335 1845 1402 1931 ἔχει,

438 2057 468 2106 Ρ.
485 2052 543 2109 495.
579 2053 691 2106 ὁποῖαι
713 2054 855 2123 ἀγαθαί]
882 2057 926 2108 Βία
948 2058 1015 2107 Ven.
1035 2057 1095 2107 ΞΣ.
1123 2057 1202 2108 Vind.
1225 2056 1249 2111 6.
1281 2059 1341 2113 Par.
1362 2058 1401 2110 W.

389 2124 459 2174 Flor.
478 2124 503 2174 d.
521 2141 546 2173 x.
576 2125 644 2174 vett.
667 2123 737 2174 editt.
759 2120 849 2175 ὁποῖαι
872 2125 902 2174 αί
925 2121 965 2191 dy.
1000 2126 1032 2175 In
1055 2125 1133 2179 Vind
1156 2125 1180 2176 1.
1203 2132 1244 2176 est
1268 2122 1355 2177 ὁποῖαι
1376 2125 1403 2174 ai

388 2189 488 2258 ἆγαθαλ
507 2193 550 2241 καλ
568 2192 597 2242 αἱ
613 2195 695 2241 κακαί.

389 2328 413 2377 v
440 2257 620 2378 &silvestri
642 2259 724 2310 οὕτω
748 2260 860 2326 δοκεῖ]
885 2260 919 2312 V.
936 2259 1027 2327 ἐπειδη
1045 2276 1086 2311 σοι
1103 2258 1172 2311 οὕτω
1191 2259 1225 2323 ὅ,
1247 2261 1319 2328 quod
1336 2261 1402 2314 solus

415 2345 454 2378 en.
475 2344 504 2379 τι.
542 2345 608 2379 νο.

422 2524 452 2572 Ρ.
470 2520 528 2573 495.
552 2524 598 2573 ἔτι
621 2525 672 2573 καλ
702 2528 762 2572 νῦν
788 2522 871 2589 λέγε]

390 2605 475 2640 nune
498 2591 624 2655 saitem,
654 2608 748 2657 quum
770 2598 871 2641 antea

923 2525 1031 2608 stptel.
1055 2525 1133 2576 Anal.
1156 2527 1184 2588 1,
1205 2523 1255 2577 34:
1285 2523 1403 2587 ἀνομολο-

922 2610 1053 2658 γουμενον
1099 2599 1150 2645 τοῖο
1196 2594 1402 2660 προειρημένον,

391 2660 591 2708 sententiam
629 2665 716 2709 tunm
757 2659 871 2711 libere

390 2727 549 2791 profiteri
583 2742 646 2776 non
681 2743 782 2777 ausus
817 2729 870 2778 sis.

392 2794 488 2843 Criton.
501 2794 641 2843 0.111.in.:
659 2791 710 2844 ἀλλ’
726 2823 759 2831 -
776 2796 810 2844 ἔτι
828 2797 871 2845 καὶ

393 2867 443 2911 νῦν
457 2860 513 2921 ἐμοὶ
527 2862 625 2910 πείθου
640 2864 682 2911 καὶ
701 2863 807 2927 σώθητι,
825 2863 872 2914 nbi

391 2945 416 2979 v.
434 2936 521 2979 annot

421 3061 485 3111 Ἵνα
509 3062 547 3130 δή
570 3080 623 3124 μοι
646 3061 684 3130 μὴ
712 3060 872 3129 οίνομολο-

392 3128 560 3196 γοιίμενοο
589 3131 637 3199 -]
673 3134 736 3182 Neo
766 3134 873 3199 igitur

392 3214 495 3248 sermo
513 3215 600 3250 meus
618 3215 726 3251 secum
741 3207 874 3267 pugnet.

391 3267 539 3318 Notandum
560 3268 609 3318 hoo
629 3265 874 3334 ἀνομολογούμενοι

391 3336 419 3384 vi
440 3337 545 3399 passiva
561 3337 687 3401 positum,
713 3352 792 3401 quum
809 3331 872 3385 σίνο-

391 3405 558 3470 μολογεῑσθαι
582 3406 615 3454 sit
633 3403 742 3454 verbum
759 3403 874 3454 medium

391 3487 474 3537 paene
513 3474 642 3522 contraria
681 3471 873 3536 significatione

391 3539 543 3605 praeditum.
585 3540 741 3601 verissime,
773 3540 873 3604 opinor,

391 3609 493 3657 monuit
520 3608 741 3658 Buttmannus
767 3608 872 3656 Auctor.

391 3691 416 3740 p.
434 3672 492 3725 524.
515 3673 581 3723 illud
605 3691 638 3724 ox
660 3676 824 3741 Bprivativo
848 3679 874 3724 et
896 3672 899 3678 '

391 3758 455 3792 τοοε
482 3738 689 3807 ὁμολογούμενος
719 3759 776 3793 esse
807 3742 873 3792 deri-

391 3817 494 3868 vatum,
529 3825 612 3873 neque
645 3811 731 3873 ipsum
764 3810 873 3859 verbum

390 3874 613 3942 ἀνομολογεῖσθαι
634 3891 744 3941 usquam
761 3884 873 3942 negante

392 3944 580 4010 significatione
613 3945 727 4008 positum
759 3945 874 4008 reperiri,

392 4012 437 4062 sod
461 4014 567 4061 nonnisi
589 4013 753 4076 participium
776 4013 814 4062 ita
830 4012 874 4062 ad·

392 4081 486 4143 hiberi,
521 4079 625 4144 quando
652 4080 781 4146 significet
809 4096 872 4129 non

393 4155 655 4210 consentaneus,
683 4154 713 4197 ut
734 4164 780 4213 pro
804 4148 873 4198 adie-

394 4217 460 4266 ctivo
477 4217 576 4280 potius,
600 4231 632 4264 ex
650 4224 666 4265 ᾱ
683 4217 748 4280 priv.
767 4220 793 4266 et
810 4213 872 4275 ὁμο-

393 4280 550 4346 λογούμενος
593 4286 871 4346 (consentaneus)

393 4351 517 4412 conflato,
543 4368 619 4414 quam
642 4367 689 4416 pro
711 4368 771 4401 vero
794 4352 873 4416 parti-

393 4417 460 4482 cipio
482 4417 628 4468 habendum
650 4419 774 4470 videatur.
804 4420 873 4469 Ari·

923 2677 999 2726 quem
1022 2661 1108 2712 locum
1131 2665 1295 2726 comparavit
1311 2663 1403 2713 Hein-

922 2729 1061 2779 dorfius.
1086 2729 1149 2778 Alia
1162 2731 1285 2797 exempla
1302 2730 1404 2796 oollegir

923 2796 1402 2865 Schneider.ndThoophr.Hirtor.

923 2864 1009 2916 Plant
1021 2865 1093 2928 VIII,
1110 2864 1136 2928 4,
1154 2865 1178 2917 5.
1196 2868 1228 2916 Τ.
1246 2868 1295 2916 ΙΠ.
1312 2884 1338 2933 p.
1348 2865 1403 2918 666.

923 2934 1002 2982 Recte
1016 2934 1097 3018 igitur
1109 2933 1204 2984 ochoi:
1222 2935 1268 2984 ἵνα
1280 2931 1315 3000 μη
1324 2931 1401 2995 taon-

926 3017 1017 3063 φωνος
1034 3019 1055 3051 σι
1075 3001 1166 3068 ἑαυτῷ.

959 3132 1402 3199 Διαφθιίρειε-τοίιςπροί-

925 3220 1000 3255 τους
1022 3201 1159 3269 λόγους]
1183 3204 1218 3254 Η.
1240 3220 1264 3254 ε.
1287 3205 1402 3256 Irritor

923 3270 1035 3320 reddis
1064 3271 1262 3335 superiores
1291 3288 1402 3324 sermo

923 3354 981 3388 nes
999 3344 1086 3400 tuos,
1110 3354 1206 3402 quum
1227 3342 1401 3403 promissis

923 3407 990 3456 tuis
1004 3422 1068 3455 non
1084 3411 1165 3469 αλιος
1183 3407 1308 3458 dixisti
1321 3410 1401 3459 enim

924 3473 1010 3522 velle
1026 3480 1056 3522 to
1070 3474 1159 3524 nihil
1176 3481 1312 3539 praetor
1328 3493 1401 3527 mon·

924 3547 985 3590 tem
1019 3546 1106 3590 tuam
1140 3542 1264 3594 dicore.
1317 3546 1401 3609 Itaque

925 3607 1093 3672 διαφθείρειν
1122 3607 1185 3662 rodo
1212 3608 1309 3676 λόγους
1337 3613 1362 3662 h.
1386 3612 1401 3661 l.

923 3675 1018 3726 dicitur
1029 3676 1245 3740 quemadmodum
1258 3679 1321 3729 erit
1330 3696 1356 3745 p.
1365 3678 1401 3731 to

923 3745 953 3792 B.
985 3742 1153 3808 διαφθείρειν
1186 3744 1230 3798 τὰς
1264 3746 1402 3812 γενομέναν

924 3809 1004 3863 δίκας.
1030 3813 1162 3877 Protagor.
1184 3826 1210 3876 p·
1226 3811 1288 3865 360.
1312 3813 1401 3878 διαφθ.

923 3875 983 3931 uitri
992 3880 1120 3944 μολογίαε,
1131 3879 1164 3932 al.
1178 3880 1243 3930 Mox
1252 3881 1286 3931 ad
1295 3883 1348 3933 Kal
1356 3879 1401 3948 γὰρ

926 3943 959 3996 ου’
972 3947 1019 3997 int.
1037 3946 1098 4000 todo
1117 3943 1212 4013 λόγους
1230 3947 1402 4013 διαφθείρειε.

957 4080 1020 4145 Gap.
1037 4081 1067 4130 L.
1103 4081 1133 4132 (λ.
1173 4080 1291 4134 διελοῦ
1318 4081 1401 4148 τάδε]

924 4147 1057 4213 expiiea
1073 4148 1134 4199 hoo
1152 4152 1358 4204 aoouratius.
1375 4179 1403 4190 ·-

925 4213 1108 4282 ἐπιστήμην
1134 4234 1199 4267 που
1226 4222 1341 4273 καλεῖς
1365 4236 1403 4278 τι,·

924 4284 960 4334 ιλιι
981 4293 1074 4334 οτιιιιει
1094 4285 1158 4334 doch
1178 4286 1246 4336 ισολιλ
1266 4297 1343 4338 ottone
1358 4287 1403 4337 Er-

923 4350 1071 4401 kenrttnirr?
1102 4353 1146 4403 Sic
1165 4352 1217 4403 ποὺ
1235 4371 1316 4422 supra
1332 4357 1403 4406 intor-

924 4421 1035 4485 positum
1058 4436 1084 4485 p.
1107 4418 1165 4473 463.
1187 4423 1224 4472 E:
1257 4421 1333 4487 σῶμά
1355 4440 1402 4475 που
