3242 5259
565 603 748 664 GORGIAS.
770 604 804 661 P.
828 607 897 663 454.
921 606 966 663 ed.
989 605 1032 664 st.
1244 610 1303 665 105

286 769 389 850 δῆλον
416 760 514 843 εἶναι,
543 764 606 848 ἐγὼ
634 766 663 829 δ’
692 764 899 845 ἐπανερωτῶ·
930 761 1009 849 ὅπερ
1035 765 1098 849 γὰρ
1118 764 1216 849 λέγω,
1246 780 1305 833 τοῦ

287 863 359 946 ἑξῆς
380 861 476 929 ἕνεκα
495 864 705 944 περαίνεσθαι
725 865 782 927 τὸν
801 864 902 945 λόγον
923 863 1040 946 ἐρωτώ,
1063 866 1103 928 οὐ
1124 875 1185 929 σοῦ
1200 863 1304 945 ἕνεκα,

285 963 353 1026 ἀλλ’
377 960 496 1044 ἵναμὴ
517 960 697 1044 ἐθιζώμεθα
722 961 942 1036 ὑπονοοῦντες
968 963 1185 1044 προαρπάζειν
1212 964 1303 1046 ἀλλή-

284 1065 353 1123 λων
373 1058 412 1122 τὰ
432 1061 607 1141 λεγόμενα,
637 1058 716 1122 α’λλὰ
739 1057 781 1122 σὺ
801 1059 841 1122 τὰ
862 1065 985 1123 σαυτοῦ
1005 1059 1085 1122 κατὰ
1105 1058 1165 1142 τὴν
1185 1061 1304 1125 ὑπόθε-

285 1173 339 1222 σιν
360 1152 451 1232 ὅπως
470 1155 512 1221 ἂν
533 1158 636 1240 βούλῃ
656 1157 817 1239 περαίνγς.
860 1159 955 1220 ΓΟΡ.
979 1155 1044 1220 Καὶ
1064 1157 1173 1240 ὀρθῶς
1192 1157 1228 1241 γε’
1249 1182 1305 1242 μοι

285 1257 393 1330 δοκεῖς
412 1260 527 1333 ποιεῖν,
549 1248 575 1319 ὦ
596 1255 776 1335 Σώκρατες.
818 1257 896 1318 Est.
917 1248 992 1319 Ἴθι
1011 1253 1051 1336 δὴ
1072 1255 1126 1319 καὶ
1145 1257 1218 1320 τόδε
1240 1256 1303 1321 ἐπι-

287 1354 493 1436 σκεψώμεθα.
535 1358 642 1428 καλεῖς
683 1376 715 1416 τι
751 1352 989 1435 μεμαθηκέναις
1050 1355 1146 1418 ΓΟΡ.
1194 1357 1302 1418 Καλώ.

284 1454 359 1515 net.
419 1452 458 1514 Τί
501 1448 551 1527 θές
598 1445 857 1526 marcescentem
913 1452 1008 1514 ΓΟΡ.
1041 1444 1175 1534 Ἔγωγε.
1225 1455 1302 1515 zet.

285 1550 436 1631 Πότερον
464 1542 526 1612 οὖν
545 1548 665 1612 ταύτὸν
693 1549 785 1613 δοκεῖ
811 1563 863 1611 σοι
885 1542 967 1611 εἶναι
998 1549 1219 1632 μεμαθηκέναι
1249 1550 1303 1615 καὶ
1323 1541 1355 1605 D

283 1644 538 1723 πεπιστευκέναι,
558 1644 613 1709 καὶ
633 1647 774 1729 μάθησις
793 1645 848 1710 καὶ
869 1647 982 1721 πίστις,
1003 1647 1023 1729 ἢ
1043 1651 1121 1711 ἄλλο
1136 1671 1184 1725 τις
1207 1651 1301 1713 ΓΟΡ.

287 1745 407 1828 Οἴομαι
435 1744 494 1828 μὲν
523 1741 636 1825 ἔγωγε,
672 1736 697 1807 ὦ
724 1744 913 1827 Σώκρατες,
941 1747 1028 1809 ἄλλο.
1077 1748 1154 1808 ΣΩ.
1188 1749 1303 1821 Καλώς

283 1841 346 1925 γὰρ
368 1842 444 1907 οἴει·
472 1842 589 1925 γνώσει
609 1841 644 1906 δὲ
665 1840 806 1906 ἐνθένδε.
829 1844 856 1906 εἰ
876 1844 938 1925 γάρ
958 1844 1005 1918 τίς
1025 1858 1060 1906 σε
1081 1841 1203 1923 ἔροιτο,
1230 1831 1301 1924 Ἀρ

279 2110 332 2146 nec
348 2100 437 2146 temen
453 2094 513 2145 ideo
530 2093 693 2144 abiicieudus
710 2100 762 2156 est,
785 2094 936 2159 praesertim
958 2110 1037 2159 quum
1055 2111 1114 2144 eum
1132 2094 1206 2146 codd.
1223 2095 1301 2160 longe

280 2164 390 2229 plurimi
407 2169 434 2213 et
450 2163 667 2228 praestantissimi
684 2164 779 2227 quique
796 2163 858 2212 libri
875 2167 1002 2212 tueantur.

335 2267 389 2314 ἵνα
406 2262 446 2331 μὴ
464 2263 599 2326 θανμάζ
585 2262 649 2330 gns]
668 2260 817 2326 θανμάζοιι
834 2262 922 2313 Clark.
940 2262 1021 2313 Coisl.
1038 2264 1097 2313 Par.
1115 2263 1191 2314 BCI
1210 2264 1302 2313 etalii

279 2333 370 2417 pauci.
387 2333 465 2382 male.
499 2331 598 2382 Vitium
616 2339 700 2381 ortum
717 2348 751 2381 ex
767 2332 895 2381 itacismo.
938 2331 1007 2381 Dein
1024 2338 1085 2380 vett.
1103 2331 1174 2382 editt.
1192 2329 1241 2381 ἐὰν
1259 2334 1301 2381 καὶ

279 2398 379 2465 ὀλίγον.
414 2399 466 2451 sed
489 2399 531 2449 καὶ
553 2415 621 2449 unus
639 2399 698 2449 Par.
715 2400 735 2449 I.
758 2400 826 2449 tueri
843 2399 958 2460 videtur,
980 2400 1059 2448 ceteri
1082 2399 1148 2449 illud
1171 2400 1300 2465 ignorant,

278 2477 309 2518 ut
328 2470 451 2518 miremur
467 2468 599 2517 exstitisse
615 2483 699 2532 nuper
716 2469 762 2531 qni
779 2467 863 2517 denuo
881 2472 1039 2516 revocarent.

333 2570 367 2619 D.
388 2567 509 2628 Οἴομαι
526 2567 587 2628 μὲν
605 2567 718 2634 ἔγωγε]
740 2560 818 2629 Οἶμαι
835 2569 893 2618 Par.
913 2569 932 2617 l.

280 2790 402 2840 citatiore
426 2788 513 2838 dieas:
535 2788 627 2838 Domit
649 2788 686 2838 de
708 2788 768 2838 diclt
819 2785 1031 2853 1111)...45211,
1056 2787 1079 2837 si
1095 2787 1161 2836 forte
1184 2785 1300 2837 offendas

280 2859 344 2908 aber
360 2857 432 2907 nicht
448 2865 513 2906 etwa
529 2856 670 2920 uenderet,
695 2873 768 2906 wenti
818 2804 903 2917 inope,
921 2853 1204 2939 qnodpostroeegris
1222 2855 1300 2904 ἕνεκα

277 2925 398 2976 iclsdich
416 2923 562 2974 εισι-11111
581 2923 695 2974 nocete
710 2924 767 2974 coie-
820 2924 998 3008 περαίνεσθαι
1028 2919 1074 2972 τὸν
1102 2919 1181 3005 λόγον
1211 2937 1300 2972 rursus

279 2994 385 3044 ἄντεινεν
401 3009 429 3042 ao
441 2991 616 3057 etwoesroqe,
634 2992 767 3041 1111111111-
820 2992 929 3041 infertur
946 2987 998 3041 ἀλλ’
1023 2993 1067 3040 ἵνα
1089 2987 1123 3056 μὴ
1146 2987 1300 3054 ἐθιζώμεθα

279 3059 557 3122 lieleuaca'aaclrcint,
574 3059 768 3124 andiclssroqe
819 3077 841 3108 κ.
860 3077 879 3108 ι
898 3054 1205 3109 1.-ὐπονοοῦντει
1223 3073 1299 3121 προ-

280 3128 348 3180 decli
364 3127 429 3178 οοα1ι
448 3127 599 3177 daoech-.
617 3127 704 3193 Demi,
721 3127 768 3176 wic
819 3125 991 3190 αρπάζειν.
1026 3128 1106 3176 Recte
1139 3125 1300 3175 Heindor-

278 3163 767 3262 μεεαμι,ιο11γθάγεώστμ1εἱο1κκ,ιινι
818 3191 1055 3244 1ἰυοιυπονοών
1080 3191 1244 3257 προαρπάζα
1271 3188 1300 3243 τὰ

279 3265 329 3314 der
347 3262 477 3328 Ονάκιιιιγ
499 3262 567 3312 eecli
588 3263 630 3312 die
648 3261 719 3312 Recte
735 3279 767 3312 za
818 3260 943 3327 λεγόμενα
959 3260 1110 3325 τοῦὲιέρον
1128 3262 1199 3325 qui,
1217 3276 1300 3325 quae

279 3331 412 3381 mateze
434 3329 555 3394 triopae,
582 3329 766 3380 1111111111-
818 3329 856 3380 11)
897 3329 1006 3379 altero
1047 3329 1220 3390 dicuntur,
1260 3344 1300 3377 ex

278 3415 366 3463 coepero
383 3404 432 3449 etc
457 3397 538 3448 V1des
554 3405 684 3462 postrema
700 3398 766 3449 haec
818 3398 1116 3448 meraoonieotura
1140 3401 1171 3444 et
1196 3396 1299 3459 suspi-

279 3467 414 3517 eontinere
441 3467 533 3530 utique
562 3465 682 3530 spodosis
710 3481 766 3515 sen·
818 3467 916 3514 cioue
956 3467 1194 3528 interpretans
1235 3478 1299 3512 non

279 3536 400 3597 tentiam,
418 3533 766 3584 sedatormaetstructura
818 3538 1000 3598 exspectat,
1019 3532 1090 3581 dum
1108 3530 1194 3580 alter
1211 3546 1300 3580 accu-

280 3603 339 3652 eius
357 3601 522 3666 aliquantum
539 3601 692 3665 discrepare.
726 3601 765 3650 Cf.
817 3608 885 3651 rate
924 3602 1055 3664 riteque
1094 3599 1299 3648 sententiam

279 3670 396 3720 Matth.
415 3666 662 3734 (11.11111.μ.1251.
679 3669 766 3718 Habet
817 3685 904 3718 suam
947 3667 1187 3732 explicaverit
1236 3667 1301 3716 Post

280 3746 369 3787 autem
405 3737 471 3786 haec
506 3737 588 3786 oratio
621 3737 765 3786 ubertatem
816 3733 880 3786 citici
904 3752 918 3785 e
941 3736 1117 3802 superioribus
1140 3735 1270 3785 solum
1255 3751 1299 3783 ινα

278 3804 414 3886 quapiam
446 3820 463 3854 a
490 3803 613 3854 familiari
647 3819 765 3855 sermone
816 3810 925 3869 repetas.

280 3873 389 3923 minime
412 3871 534 3922 alienam.
568 3874 674 3922 Poterat
695 3873 765 3922 enim

278 3940 436 4022 s1mplrc1ter
456 3939 510 3989 (liei
533 3940 584 3990 hoe
600 3938 688 3989 modo
716 3937 765 3990 ἐὰν
834 3933 1059 4002 0111111111
1078 3935 1297 3987 ιοῦεεπιοκε

278 4037 314 4046 -
332 4005 452 4058 τοιοῦτόν
477 4009 503 4058 τί
524 4022 554 4056 σε
576 4001 721 4071 ἀνέρωμαι,
749 4005 764 4056 δ
817 4003 912 4089 ψώμ]
931 3983 1183 4069 811101.”Αρχειαι
1210 4004 1296 4053 ἐντεν-

274 4075 358 4126 eones
380 4074 463 4141 δῆλον
483 4067 565 4132 εἶναι,
593 4090 677 4140 neque
699 4091 765 4160 opus
816 4077 869 4125 θεν
887 4069 934 4139 τὴν
959 4070 1045 4123 πειθώ
1064 4070 1177 4137 διαιρεῖν
1203 4073 1243 4123 εἴς
1271 4088 1297 4120 τε

278 4150 334 4194 erat
361 4143 413 4194 hoe
438 4143 628 4204 additamento,
658 4139 710 4208 ἐγώ
740 4139 762 4192 δ’
816 4139 863 4208 τὴν
881 4138 1045 4206 πιοιεντικὴν
1066 4143 1109 4189 καλ
1132 4140 1171 4192 εἰς
1159 4135 1241 4204 stipo
1259 4137 1297 4188 θι-

278 4210 446 4276 ἐπανερωτῶ.
480 4211 578 4262 Eadem
603 4208 765 4261 abundantia
816 4209 987 4293 iaonalenrp't.
1012 4209 1064 4258 ἔστι
1087 4207 1117 4256 δὲ
1141 4208 1297 4271 προεθεῑναι

278 4278 448 4330 verborum
440 4295 469 4328 sn
492 4279 526 4329 iis
549 4279 674 4340 cernitur,
697 4294 764 4342 quae
816 4280 858 4327 καὶ
878 4296 930 4359 την
937 4294 989 4327 ano
1003 4293 1163 4326 ιωνκοινων
1175 4274 1296 4332 ἑννοιων

277 4349 400 4412 proxime
422 4351 580 4411 sequuntur,
608 4315 764 4410 quibuscum
815 4341 877 4396 οἷον
896 4341 933 4396 Τὰ
951 4350 986 4411 τῷ
1003 4341 1074 4412 αὐιμ
1097 4343 1142 4392 ἴοιι
1160 4342 1201 4392 καὶ
1220 4338 1296 4411 ἀλλή·

278 4429 414 4482 compares
435 4413 502 4478 1111,
525 4429 592 4480 quse
615 4414 764 4467 notavimus
814 4415 868 4466 λοιε
886 4413 939 4464 ἵνα.
