3242 5259
382 587 439 640 168
789 580 986 639 PLATONIS

380 741 565 826 ἐκνέμνηται
591 741 644 806 καὶ
677 742 754 818 τοὺς
783 736 977 824 ὀφθαλμοὺς
1012 741 1180 824 ἐκκοίηται,
1217 741 1274 806 καὶ
1305 745 1400 817 ἄλλας

381 840 502 915 πολλὰς
528 838 581 915 ocul
609 840 747 922 μεγάλας
782 840 836 903 καὶ
863 830 1080 915 ’παντοδαπὰς
1107 841 1215 923 λώβας
1246 839 1345 914 αὐτός
1370 859 1401 904 τε

382 935 539 1020 λωβηθεὶς
560 935 613 1000 καὶ
632 936 709 1011 τοὺς
730 937 832 1002 αὐτοῦ
858 936 976 1001 ἐπιδὼν
997 937 1115 1012 παῖδας
1134 958 1167 1001 τε
1187 937 1243 1002 καὶ
1264 941 1402 1019 γυναῖκα

384 1036 419 1099 τὸ
440 1031 573 1117 ἔσχατον
594 1035 832 1118 α’νασταυρωδῇ
860 1036 880 1117 ἢ
909 1041 1155 1117 ααταπιττωθῄ,
1184 1024 1281 1109 οὗτος
1302 1035 1402 1098 εὐδαι·

383 1130 572 1216 μονὲστερος
600 1129 703 1207 ἔσται,
731 1132 751 1215 ἢ
787 1132 844 1196 ἐὰν
872 1132 1042 1215 διαφυγὼν
1072 1132 1235 1210 τύραννος
1263 1142 1401 1215 καταστῇ

384 1232 436 1295 καὶ
457 1235 565 1313 ἄρχων
591 1227 626 1292 ἐν
646 1240 685 1312 τῇ
706 1232 796 1294 πόλει
825 1231 938 1314 διαβιῷ
961 1233 1065 1294 ποιῶν
1086 1231 1104 1294 ὅ
1124 1253 1155 1293 τι
1175 1228 1217 1292 ἂν
1234 1231 1402 1312 βούληται,

385 1331 521 1411 ζηλωτὸς
542 1326 588 1392 ὢν
608 1325 661 1390 καὶ
683 1328 985 1411 εὐδαιμονιζόμενος.
1009 1326 1074 1391 ὐπὸ
1103 1330 1169 1390 τῶν
1191 1330 1335 1391 πσλιτῶν
1354 1327 1404 1391 aul

329 1424 361 1488 D
383 1430 448 1490 τῶν
464 1430 571 1489 ἄλλων
581 1421 695 1502 ξένων,
717 1435 818 1488 ταῦτα
830 1423 932 1507 λέγεις
946 1425 1109 1489 ἀδύνατον
1122 1419 1205 1488 εἶναι
1217 1421 1403 1508 ἐξελέγχειν,

437 1626 465 1676 O.
485 1617 582 1678 οὗτος
605 1620 908 1690 εὐδαιμονέστερος
932 1624 1031 1693 ἔσται]
1055 1623 1290 1686 εὐδαιμονέστατος
1315 1621 1402 1677 clerlr.

385 1695 444 1744 Vat.
470 1692 549 1743 Coisl.
579 1694 644 1743 Von.
670 1692 730 1744 ΞΣ.
760 1693 837 1744 Vind.
866 1693 889 1746 2.
913 1693 937 1745 6.
962 1692 985 1744 7.
1015 1695 1073 1744 Par.
1099 1694 1172 1746 VVV.
1202 1694 1272 1760 Aug.
1301 1695 1404 1745 Mserm.

388 1761 461 1822 Quae
478 1761 537 1811 vide
554 1776 588 1812 ue
605 1777 667 1811 vera
685 1761 719 1810 sit
736 1762 822 1811 lectio.
856 1763 922 1812 Nam
946 1761 1051 1826 ponitur
1074 1762 1249 1828 superlativus
1269 1778 1321 1828 pro
1339 1778 1405 1812 corn·

386 1827 503 1894 ps'rativo
522 1829 573 1892 sio,
596 1834 626 1878 ut
647 1836 780 1880 remaneat
802 1829 843 1878 vis
860 1829 1026 1894 comparandi
1043 1837 1165 1895 sequente
1188 1826 1266 1896 ἥτε]
1282 1830 1404 1897 genitivo.

387 1912 411 1946 v.
430 1895 623 1949 Hermsnnsed
641 1897 728 1962 Vigor.
747 1915 771 1962 p.
790 1894 847 1947 718.
866 1897 926 1948 coll.
944 1899 1078 1948 Matthiae.
1098 1899 1213 1948 Gramm.
1231 1899 1255 1959 ἓ.
1273 1895 1335 1949 464.
1361 1899 1404 1949 At

388 1964 515 2028 quoinde
540 1965 740 2028 explicationem
763 1965 843 2015 habet
865 1965 947 2015 altera
968 1964 1045 2015 lectio
1070 1957 1146 2017 οὗτος
1169 1961 1320 2025 εὐδαίμων,
1343 1981 1405 2031 quae

389 2037 428 2082 est
445 2031 472 2081 iu
490 2031 550 2081 Ald.
568 2033 627 2083 Bas.
647 2032 670 2081 1.
689 2039 747 2082 octo
765 2032 939 2093 Florentinis,
962 2034 1020 2092 Per.
1044 2033 1176 2083 BCEFI.
1217 2033 1287 2083 Nam
1305 2029 1406 2097 ea'orta

388 2099 490 2149 videtur
507 2116 540 2149 ex
558 2098 640 2152 οὕτως
658 2096 805 2161 εὐδαίμων,
830 2116 880 2164 quo
904 2101 1058 2166 superlativi
1080 2102 1133 2151 vim
1156 2102 1303 2165 exprimere
1321 2101 1404 2151 volue

388 2172 449 2217 runt
465 2169 634 2233 grammatici.
669 2168 779 2218 Videtur
801 2173 889 2218 tamen
905 2169 1014 2234 vulgata
1039 2168 1116 2219 lectio
1144 2167 1240 2218 firmari
1258 2167 1347 2219 verbis
1364 2169 1425 2219 So.

388 2236 465 2285 cratis
482 2251 507 2302 p.
525 2234 583 2288 473.
600 2238 640 2285 D:
658 2232 893 2300 εὐδαιμονέστερος
916 2241 1009 2286 τοίνυν
1032 2232 1158 2287 οὐδέποτε
1175 2236 1247 2286 ἔσται
1269 2233 1405 2300 οὐδέτερος

388 2299 483 2356 αὐτῶν,
1014 2324 1016 2328 ·

421 2440 455 2491 D.
492 2435 649 2504 σμικρόν·
675 2435 733 2487 ἐὰν
758 2434 891 2503 diluas]
927 2438 1179 2489 Schleiermachorus
1203 2439 1273 2490 coni.
1296 2438 1335 2499 el,
1361 2435 1405 2488 ἐὰν

389 2503 486 2560 ἀδίκως
505 2507 543 2557 ἐπ.
571 2505 723 2570 τυραννίδι,
747 2500 843 2567 εἶπες,
860 2513 889 2556 ut
905 2507 964 2557 Poli
985 2507 1047 2570 illa,
1071 2503 1119 2556 ἐὰν
1140 2503 1241 2558 ἀδικῶν
1264 2504 1405 2571 ἅνθρωπος

388 2685 455 2742 εἶναι
479 2692 595 2753 δίκαιον,
624 2688 685 2742 ἀλλὰ
716 2691 805 2742 δοκεῖν
833 2690 877 2742 δεῖ
927 2710 951 2741 τι.
971 2711 990 2741 τ.
1015 2709 1036 2742 κ.
1060 2690 1093 2758 γ.]
1120 2690 1207 2742 Intell.
1231 2690 1406 2776 λωβτρδέντατ.

389 2759 499 2812 ἐθέλειν.
547 2759 611 2809 lbid.
642 2761 675 2808 X.
704 2776 729 2824 p.
757 2759 814 2811 613.
842 2761 873 2809 Ε.
925 2760 1035 2810 Thom.
1052 2761 1132 2825 Mag.
1150 2756 1255 2824 p.335:
1279 2777 1308 2811 το
1327 2759 1404 2809 ἐπεῖ·

350 2893 352 2896 ⁴
388 2827 503 2877 Astius
526 2826 654 2877 adPolit.
679 2843 703 2891 p.
722 2825 780 2877 397.
803 2828 874 2876 hunc
927 2824 1039 2879 δονώς
1057 2825 1101 2876 ἐπὶ
1120 2824 1185 2876 πολὺ
1203 2825 1247 2877 ἐπὶ
1267 2831 1405 2904 συμφορᾶς

388 2895 475 2946 locum
494 2895 568 2944 iuxta
587 2899 663 2958 atque
680 2894 754 2944 illum
768 2893 829 2944 libri
839 2897 872 2944 ΙΙ.
926 2896 1031 2945 τίθεται.
1050 2895 1093 2946 Sic
1111 2892 1356 2959 etiamdadpeodar
1367 2911 1404 2960 ap.

389 2962 422 3012 de
433 2961 543 3026 Republ.
563 2968 708 3026 corruptum
725 2967 821 3026 putans
838 2962 874 3013 le·
925 2964 1061 3013 Isocrat.
1077 2965 1118 3014 De
1132 2964 1194 3013 Pac.
1212 2979 1238 3027 p.
1252 2961 1312 3014 198.
1325 2963 1404 3015 Beklr.

388 3029 502 3096 gendum
515 3031 731 3094 εεηεολληφθελν
744 3030 873 3094 στρεβλῶ-
924 3031 1092 3081 Demosth.
1114 3046 1160 3095 pro
1185 3030 1280 3082 Coron.
1303 3046 1328 3096 p.
1350 3029 1404 3082 295.

390 3116 428 3148 ται
446 3097 488 3147 καλ
513 3095 660 3161 ἑατέμνηται
684 3093 744 3150 τοδε
767 3095 873 3161 dodol-
924 3099 954 3148 R.
972 3098 1059 3152 Hom.
1081 3097 1155 3149 Iliad.
1178 3098 1268 3162 XXII,
1293 3097 1342 3151 61:
1363 3116 1405 3148 κα·
1425 3138 1426 3141 .

388 3161 454 3226 μούε
473 3167 514 3214 καλ
541 3161 672 3230 ἐκκάηται,
697 3166 758 3230 quia
783 3166 873 3216 oculos
925 3163 957 3215 κὰ
976 3162 1044 3216 πόλλ’
1069 3164 1200 3216 ἐπιδόντα.
1235 3166 1404 3232 Aristoph.

389 3249 441 3283 non
460 3234 542 3295 exuri,
560 3232 605 3283 sed
622 3236 710 3283 excuti
727 3234 769 3283 vel
786 3234 873 3284 excidi
924 3233 1037 3284 Acheru.
1055 3233 1138 3297 1156,
1155 3233 1202 3284 ubi
1218 3249 1244 3284 v.
1263 3235 1405 3301 Bergler.

389 3302 479 3351 solitos
506 3316 561 3352 esse
586 3303 726 3352 memoriae
749 3301 873 3352 traditum
924 3301 1005 3352 Verbi
1021 3317 1098 3351 usum
1116 3301 1241 3366 exemplis
1266 3301 1405 3353 illustravit

388 3371 429 3419 sit.
469 3368 520 3419 Sed
547 3368 619 3419 codd.
647 3369 678 3419 de
702 3369 809 3434 vulgata
837 3371 872 3420 lc·
924 3369 1154 3436 Wyttcnbach.
1173 3370 1205 3419 ad
1216 3369 1349 3420 Plutarch.
1366 3371 1404 3420 De

309 3484 310 3487 ,
388 3438 473 3488 ctione
499 3439 670 3488 consentiunt.
706 3437 803 3488 Oculos
828 3454 872 3487 su·
925 3438 950 3487 S.
974 3439 1006 3488 N.
1031 3437 1062 3486 V.
1084 3453 1109 3502 p.
1133 3435 1174 3486 17.
1208 3436 1308 3487 Eodem
1330 3437 1404 3488 modo

388 3512 438 3556 tem
461 3522 514 3556 non
537 3509 638 3555 tantum
661 3504 758 3567 excidi,
781 3521 872 3554 verum
924 3510 1052 3554 nostrates
1082 3509 1209 3570 usurpant
1233 3521 1258 3554 r.
1286 3505 1334 3555 mit
1361 3523 1405 3555 αα·

387 3575 465 3624 ctiam
494 3575 568 3623 exuri
597 3573 687 3624 solitos
716 3588 773 3623 esse
801 3589 872 3623 nuuc
923 3573 1006 3623 acken.
1030 3602 1061 3610 -
1090 3575 1140 3623 Pro
1175 3574 1405 3637 καταπιττωθῇ

388 3643 442 3707 ipse
472 3641 559 3691 docuit
589 3641 676 3691 allatis
707 3641 774 3690 locis
802 3641 872 3691 Ari·
925 3641 1108 3690 Cornsrius
1146 3642 1339 3706 καταποντωθῇ
1372 3641 1406 3690 le·

387 3709 493 3775 stoph.
513 3709 597 3758 Nubb.
608 3707 648 3760 24.
660 3710 726 3758 Aru.
742 3707 800 3759 341.
812 3708 870 3760 584,
923 3708 1036 3774 gendum
1053 3707 1177 3773 putabat,
1202 3707 1265 3773 quia
1289 3725 1405 3758 nazaru-

387 3775 462 3829 1612.
491 3776 604 3826 Acheru.
635 3774 675 3829 93.
704 3777 871 3827 Demosth.
924 3779 997 3842 ταθῇ
1014 3793 1063 3826 nec
1086 3776 1186 3826 dicatur
1211 3790 1261 3826 neo
1287 3777 1406 3840 probabi-

387 3862 432 3910 pro
458 3845 552 3895 Ooron.
575 3860 600 3908 p.
617 3841 675 3905 247,
702 3843 741 3893 11.
766 3844 799 3894 al.
824 3844 871 3894 Ci-
922 3844 974 3894 lem
1004 3844 1199 3909 compositionis
1225 3843 1335 3893 formam
1364 3844 1406 3893 ha·

386 3909 718 3976 cer.1)esep.111,17.
753 3912 870 3962 Herod.
923 3914 989 3962 beat.
1039 3911 1090 3962 Sed
1122 3912 1340 3962 καταπατοῦοδαι
1369 3916 1406 3961 est

386 3981 445 4042 XII,
461 3979 501 4032 18.
520 3978 634 4030 Verbum
652 3976 785 4039 ἐκτέμνειν
802 3980 870 4029 idom
922 3982 994 4044 pice
1012 3980 1108 4029 illini
1126 3985 1157 4030 et
1170 3980 1322 4041 cremari,
1340 3979 1406 4044 quod

386 4048 462 4099 docet
485 4052 515 4097 ut
532 4049 590 4097 Lat.
614 4062 727 4097 secare
750 4049 871 4112 usurpari
922 4064 939 4097 a
966 4048 1158 4113 lexicographis
1184 4048 1253 4097 inter
1274 4049 1406 4098 cruciatus

387 4116 418 4165 de
443 4116 605 4166 castratione.
628 4131 653 4165 v.
677 4114 821 4180 Euthyphr.
845 4132 870 4180 p.
922 4131 953 4165 ac
977 4117 1101 4180 supplicii
1127 4131 1224 4180 genera
1247 4120 1406 4164 numeratur.

387 4182 410 4233 6.
428 4185 459 4233 Α.
478 4183 565 4248 Symp.
585 4180 641 4233 195.
660 4183 697 4246 C„
722 4181 816 4246 quibus
834 4183 870 4234 lo·
922 4183 973 4232 vid.
992 4184 1114 4234 Victor.
1127 4184 1187 4233 Var.
1201 4185 1272 4233 Lcct
1282 4183 1356 4242 VIII,
1367 4179 1405 4232 14.

387 4251 424 4300 cis
459 4251 665 4316 Voegelinus
709 4250 781 4300 addit
815 4252 869 4301 Ae·
922 4249 1404 4302 NonsbsurdeRouthiusadh.l.

388 4318 492 4379 solryl.
510 4320 585 4368 Eum.
603 4335 625 4368 v.
645 4317 696 4369 185
713 4333 783 4384 seqq.
922 4319 1006 4379 „Mihi
1016 4319 1141 4384 quidem''3
1152 4319 1247 4384 inquit,
1258 4318 1404 4385 ,designari

422 4385 512 4435 usal
533 4382 607 4441 torio
625 4383 726 4437 αὐτοῦ
744 4382 870 4438 ἐπιδών
920 4388 1043 4438 hocloco
1061 4387 1163 4438 videtur
1185 4386 1213 4436 id
1235 4398 1321 4455 genus
1345 4401 1402 4453 sup·
