3242 5259
766 626 768 630 -
802 590 1000 650 stancius
1075 554 1077 557 ’

388 594 447 648 382

385 751 463 834 γένη
484 755 537 816 καὶ
567 754 744 827 πλούτους,
775 752 846 828 καί,
877 751 1005 816 ἐπειδὰν
1025 753 1047 835 ἡ
1067 753 1169 832 κρίσις
1190 749 1228 834 ᾖ,
1260 750 1400 836 ἔρχονται

387 852 497 925 αὐτοῖς
516 849 630 915 πολλοὶ
646 851 805 933 μάρτυρες
833 852 1106 933 μαρτυρήσοντες,
1137 849 1180 924 ὡς
1200 852 1333 928 δικαίως
1352 855 1399 934 βε-

329 947 362 1011 Ι)
385 949 547 1032 βιώκασιν.
578 949 610 1012 οἱ
629 942 690 1013 οὖν
710 946 855 1012 δικασταὶ
875 948 939 1012 ὑπό
963 949 1140 1011 τετούτων
1162 946 1400 1033 ἐκπλήττονται,

385 1047 439 1110 καὶ
472 1045 538 1129 ἅμα
573 1047 628 1111 καὶ
662 1045 754 1110 αὐτοὶ
789 1046 1003 1127 ἀμπεχόμενοι
1031 1046 1214 1123 δικάζουσι,
1252 1048 1318 1129 πρὸ
1349 1059 1402 1131 τῆς

386 1153 491 1227 ψυχῆς
525 1155 582 1227 τῆς
613 1144 722 1208 αὐτῶν
749 1143 945 1226 ὀφθαλμοὺς
978 1143 1033 1207 καὶ
1069 1135 1135 1207 ὦτα
1171 1144 1224 1208 καὶ
1252 1145 1333 1210 ὅλον
1367 1150 1401 1210 τὸ

386 1246 477 1324 σῶμα
492 1240 802 1325 προκεκαλυμμένοι.
834 1251 935 1304 ταῦτα
955 1241 994 1324 δὴ
1017 1243 1127 1316 αὐτοῖς
1147 1244 1253 1306 πάντα
1275 1240 1400 1323 ἐπίπρο·

385 1346 467 1405 σθεν
493 1343 651 1422 γίγνεται,
681 1339 736 1403 καὶ
762 1339 931 1404 thodasio
958 1337 1163 1422 ἀμφιέσματα
1191 1339 1247 1404 καὶ
1277 1339 1320 1404 τὰ
1339 1346 1401 1406 τῶν

384 1434 593 1520 κρινομένων.
614 1441 744 1520 πρῶτον
764 1437 825 1520 μὲν
845 1431 924 1512 οὖν,
946 1435 1029 1519 ἔφη,
1049 1437 1212 1502 παυστέον
1240 1436 1309 1502 ἐστὶ
1329 1464 1399 1523 προ

385 1537 508 1610 ειδότας
528 1536 647 1610 αὐτοὺς
667 1538 725 1599 τὸν
746 1537 910 1599 θάνατον’
939 1546 1002 1599 νῦν
1022 1537 1084 1617 γὰρ
1115 1536 1277 1617 προΐσασι
1306 1545 1400 1602 τοῦτο

385 1633 444 1718 μὲν
465 1628 527 1698 οὖν
554 1633 608 1698 καὶ
636 1632 675 1716 δὴ
697 1633 817 1716 εἴρηται
845 1641 890 1715 τῷ
912 1636 1087 1717 Προμηθεῖ
1113 1634 1199 1709 ὅπως
1226 1633 1268 1698 ἀν
1298 1638 1402 1718 παύσρ

437 1885 469 1934 D
495 1876 592 1935 aci*
570 1902 633 1935 otu
656 1884 710 1934 uui
734 1883 812 1967 ὄζον
836 1881 870 1935 τὸ
889 1883 995 1970 σῶμα]
1021 1885 1079 1935 Par.
1098 1885 1131 1936 V
1153 1885 1224 1939 Flor.
1244 1901 1312 1936 ac.
1329 1887 1353 1936 d.
1369 1904 1401 1936 m.

385 1971 409 2004 ο.
426 1970 453 2002 x.
471 1959 496 2002 ct
513 1953 552 2003 cd.
569 1954 629 2004 Bas
647 1951 670 2004 2.
690 1943 772 2002 κατ’
750 1971 802 2004 οντα
820 1953 862 2003 καὶ
881 1949 993 2005 ὀδόντας
1011 1953 1054 2003 καὶ
1073 1951 1133 2002 “inv
1150 1951 1178 2002 τὸ
1197 1970 1229 2013 ιι,
1248 1955 1400 2035 quaelcctio

385 2023 413 2072 in
431 2022 490 2072 Par.
508 2022 537 2071 B.
560 2036 639 2087 supra
662 2037 764 2071 versum
788 2021 926 2087 adscripta.
961 2023 1069 2072 Notavit
1092 2021 1202 2072 eandem
1226 2015 1382 2089 Staphdu.
1374 2041 1399 2072 ιιι

385 2106 467 2155 marg.
501 2090 570 2139 Dein
596 2091 724 2150 sanctona
741 2108 781 2139 ναι
809 2090 874 2139 Vcn.
893 2089 953 2139 ΞΣ.
971 2090 1051 2139 Vind.
1068 2087 1092 2140 2.
1110 2088 1133 2140 6.
1159 2096 1186 2139 ot
1209 2090 1257 2140 alii
1283 2091 1400 2141 nonnulli

385 2158 652 2290 eiusddlihhidhidadi:
669 2157 834 2291 1γίιάἲνιιται]
863 2224 1020 2275 Plutarchus
1055 2223 1245 2289 ἑπιπρόςάεσις
1280 2229 1399 2293 γίγνεται,

385 2292 454 2358 quod
471 2295 561 2376 reponi
578 2292 684 2343 iubebat
702 2293 859 2354 Cornarius3
875 2292 919 2342 sed
937 2310 962 2343 v.
979 2309 1039 2342 ann
1059 2293 1135 2342 Vind.
1155 2292 1177 2343 1.
1197 2292 1357 2356 snthpooca

438 2366 498 2410 νῦν
521 2357 583 2427 γὰρ
612 2360 791 2427 προΐσασι]
817 2378 867 2409 ινν
883 2378 933 2422 μεν
949 2378 999 2427 γαρ
1018 2379 1062 2424 πρ
1088 2363 1146 2411 Par.
1165 2361 1285 2416 BCEF.
1311 2379 1398 2414 novam

385 2430 530 2480 Florentini
547 2436 573 2479 ot
590 2429 722 2479 Plutarch.
740 2445 792 2478 non
810 2436 915 2479 temore.

385 2649 443 2699 Non
461 2648 545 2698 solum
563 2663 699 2712 corporum
721 2653 866 2708 venustate,

385 2716 430 2766 sod
441 2717 518 2766 otiam
529 2718 632 2781 generis
642 2716 777 2764 nobilitato
788 2722 867 2779 atque

385 2784 484 2834 divitiis
501 2785 541 2834 illi
564 2793 695 2848 tamquam
712 2793 784 2833 vesta
801 2785 867 2832 intc-

385 2852 478 2902 riorem
495 2852 659 2902 abscondunt
671 2852 865 2916 turpitudinem,

384 2921 475 2985 Itaque
492 2921 590 2984 Iupiter
611 2921 723 2969 animam
740 2920 798 2969 vult
819 2935 866 2969 nu-

385 2988 445 3037 dam
455 2988 574 3050 iudicari,
591 2992 621 3036 ut
634 2989 722 3037 omnia
733 2989 789 3037 eins
800 2988 866 3037 vitia

385 3061 529 3138 emergant.

419 3125 451 3176 D.
470 3119 531 3187 πρὸ
552 3127 771 3188 τῆςφυχῆς-
789 3139 865 3202 προ-

385 3189 642 3257 κεκαλυμμένοι]
675 3207 769 3255 quum
799 3191 866 3240 ani-

385 3259 758 3324 mnsipsorumoculis‚
783 3259 866 3309 auri-

384 3327 443 3379 bus
461 3336 558 3392 atque
575 3333 644 3378 toto
663 3343 800 3392 corporo
818 3344 866 3377 vo·

384 3397 471 3447 latus
494 3404 526 3446 ct
548 3397 645 3460 quasi
669 3402 864 3459 praetextus

384 3465 437 3515 sit.
471 3465 586 3529 Elegans
603 3463 690 3513 dictio.

419 3531 749 3596 ἐπίπροσθενγίγν.]
790 3530 864 3580 Η..ο

385 3601 428 3650 iis
457 3602 580 3661 obstat,
617 3599 793 3664 quominus
822 3616 865 3650 rc·

385 3676 437 3718 otc
466 3675 498 3718 ot
524 3683 599 3716 vero
624 3669 753 3732 possint
782 3667 865 3716 iudi-

385 3751 467 3786 carc
489 3737 570 3800 Logg
588 3734 756 3819 v1.p.626.
776 3735 809 3785 C:
835 3733 865 3784 τά

385 3822 411 3854 τε
422 3802 592 3867 ἐπίπροσθεν
604 3798 691 3852 αὐτῶν
705 3805 818 3886 (quas
813 3803 865 3852 his

385 3872 557 3932 officiunt)
584 3871 620 3919 ἔτι
643 3876 694 3920 νῦν
716 3865 818 3920 ὄνια’
801 3888 865 3919 uvo-

384 3937 527 4003 μοάἑτητα,
556 3936 675 4001 τάξαντες
697 3936 774 3996 adad,
799 3933 864 3986 ἀπό-

385 4008 508 4071 προσθεν
531 4003 708 4071 ποιησόμεθας
733 4008 771 4056 sic
795 4006 865 4054 onim

384 4075 548 4159 legendum.

418 4140 504 4195 ὅπως
532 4139 572 4192 ἀν
601 4139 706 4207 παύσῃ
740 4137 862 4209 αὐτῶν]

383 4211 483 4261 Pondst
519 4228 608 4260 αυναν
645 4227 679 4260 cx
713 4211 865 4274 pronomina

384 4284 473 4338 τοῦτο,
495 4285 525 4327 ut
547 4279 643 4328 frustra
659 4278 740 4359 vulgo
763 4278 865 4328 interic-

384 4350 454 4394 ctum
477 4345 577 4412 legatur
601 4343 672 4395 αὐτό.
698 4363 722 4398 v.
746 4347 863 4400 Matth.

385 4414 407 4475 ξ.
430 4410 489 4466 317.
517 4416 557 4464 Dc
580 4430 608 4463 rs
629 4415 686 4479 ipsa
710 4414 864 4482 Aeschyl.

916 2647 1047 2701 Promcth
1080 2664 1104 2698 v.
1132 2645 1193 2698 256ι
1233 2651 1291 2714 cm]
1275 2646 1397 2734 ητουςγ’

918 2715 1018 2765 ἔπαυσα
1035 2713 1069 2781 μὴ
1087 2715 1289 2802 προδέρκεσθαι
1311 2715 1399 2780 μόρον.

950 2784 981 2836 E
998 2780 1145 2849 γυμνους
1169 2802 1215 2848 κρ
1241 2781 1400 2836 απάντοιν

917 2849 1057 2917 τούτων]
1082 2852 1116 2900 Η.
1135 2869 1156 2902 c
1179 2853 1287 2904 nudos
1306 2870 1399 2904 acor·

917 2918 1055 2983 poribus
1078 2935 1255 2984 eorumque
1280 2922 1399 2972 lenoci-

917 2988 998 3049 niis,
1034 3003 1072 3037 no
1100 2988 1232 3038 iudices
1260 2998 1399 3040 externa

917 3055 1029 3119 specio
1047 3055 1214 3120 decepti
1206 3073 1237 3105 ιιι
1256 3073 1397 3108 errorent

916 3123 1130 3172 inducantur.
1148 3124 1272 3174 Schola
1301 3124 1398 3207 γυμνὸς

917 3187 932 3239 o‘
950 3189 1056 3272 κριτὴς
1061 3188 1094 3241 οὐ
1111 3187 1197 3249 μόνον
1221 3198 1269 3241 τοῦ
1286 3190 1395 3256 dococti·

918 3257 981 3310 δονς
1019 3256 1148 3319 σώματος,
1182 3255 1245 3309 ἀλλὰ
1281 3263 1324 3310 καὶ
1358 3279 1398 3311 του

915 3323 1053 3390 ἀερώδους
1071 3324 1225 3389 φυράματος
1247 3328 1292 3377 καὶ
1317 3325 1398 3389 μόνον

917 3391 1025 3458 ἔχων
1001 3413 1028 3444 ιο
1046 3390 1220 3446 adtonitis*
1206 3412 1301 3459 οχημα·
1326 3414 1352 3445 οι
1349 3395 1399 3446 ’δὲ

916 3459 1066 3526 κρινομενοι
1082 3463 1178 3526 γυμνοὶ
1196 3464 1246 3522 μὲν
1265 3470 1309 3530 τῆς
1322 3482 1398 3528 παχυ·

917 3548 990 3596 τητος
1014 3548 1059 3579 του
1080 3527 1261 3615 ἀστρςιύδους,
1289 3531 1397 3595 περιφέ-

919 3616 1009 3663 ροντες
1027 3594 1100 3648 δὲ
1075 3615 1102 3647 το
1120 3595 1213 3662 ἀέριον
1229 3596 1341 3661 φύραμα
1358 3599 1397 3649 καὶ

918 3665 1037 3727 δεόμενοι
1065 3663 1230 3729 καθάρσεως.
1280 3667 1398 3717 (ictorum

915 3735 987 3785 hunc
1014 3734 1101 3784 locum
1133 3734 1166 3784 ob
1194 3734 1284 3785 oculos
1308 3735 1400 3786 habuit

916 3803 1053 3852 Lucian.
1071 3802 1150 3852 Diall.
1169 3803 1245 3851 Mort.
1264 3803 1298 3852 X.

950 3869 1116 3950 ἐξαιφνης
1157 3864 1398 3922 ἀποθανόντος

917 3937 967 4004 ἑκ]
986 3939 1099 3988 statim
1117 3937 1307 4002 utquisque
1323 3954 1398 3988 mor

916 4012 992 4056 tuus
1021 4006 1132 4056 fucrit.
1173 4006 1240 4054 Nam
1271 4005 1398 4071 ἐξαίηφνε

916 4073 960 4122 hic
982 4074 1073 4124 codam
1096 4073 1172 4123 modo
1189 4072 1398 4159 intelligendum,

917 4157 967 4204 quo
992 4142 1056 4192 alibi
1073 4158 1151 4192 vocas
1174 4137 1280 4200 αάτιᾈκα
1304 4138 1397 4199 εὐθύς,

916 4208 968 4269 ἅμα
989 4226 1049 4260 cum
1070 4211 1213 4275 participiis
1236 4211 1391 4262 iunctam

916 4278 1030 4327 Matth.
1048 4281 1071 4338 ᾖ.
1090 4277 1147 4329 565.
1166 4275 1243 4327 at
1217 4283 1243 4326 et
1260 4285 1349 4328 annot.
1367 4245 1398 4326 ad

916 4346 1047 4396 Phaedon.
1069 4363 1094 4411 p.
1117 4344 1157 4396 70.
1182 4347 1213 4395 A.
1231 4374 1266 4382 -—
1284 4342 1349 4411 αὐτῇ
1371 4351 1399 4409 τῇ

917 4419 998 4478 ψυχῇ,
1017 4413 1090 4464 sola
1107 4415 1227 4476 anima,
1250 4431 1267 4464 a
1285 4415 1399 4480 corporis
