3242 5259
528 1096 924 1172 PROLEGOMENA

704 1251 753 1300 AD

389 1371 703 1469 GORGIAM
728 1369 1068 1468 PLATONIS.

278 1668 499 1745 Quadripartita
526 1669 583 1727 erit
610 1670 703 1727 omnis
729 1670 802 1728 haec
830 1689 918 1748 quam
944 1661 1110 1727 institutdri
1131 1688 1231 1727 sumus

223 1755 253 1812 de
273 1755 382 1828 Gorgia
403 1754 533 1812 Platonis
555 1754 727 1832 disquisitio.
770 1754 901 1812 Primum
928 1754 1006 1811 enim
1027 1754 1232 1830 disputationis

225 1839 320 1898 inhoc
342 1840 416 1897 libro
438 1839 556 1898 habitae
577 1859 719 1896 summam
741 1859 774 1896 eo
795 1841 879 1896 modo
900 1840 1066 1911 referemus,
1088 1844 1123 1897 ut
1142 1858 1230 1916 quae·

226 1943 285 1981 nam
320 1925 349 1982 ei
380 1924 512 1982 subiecta
546 1924 585 1982 sit
620 1923 742 1982 materia
776 1943 909 2002 quaeque
942 1923 1031 1981 huius
1067 1924 1158 1999 ipsius
1192 1923 1231 1981 sit

227 2009 357 2081 metatio,
380 2008 423 2067 ita
444 2009 642 2085 perspiciatur,
665 2014 778 2067 utnon
794 2010 878 2066 modo
900 2008 1063 2066 difficillimi
1083 2013 1113 2066 et
1133 2028 1230 2066 rerum

222 2093 356 2153 varietate
387 2094 542 2151 admodum
563 2093 695 2169 impediti
722 2094 862 2151 sermonis
884 2100 1024 2172 tanquam
1050 2093 1108 2151 iter
1136 2093 1229 2169 aperi·

221 2184 293 2251 atur,
321 2198 425 2237 verum
454 2179 543 2236 etiam
572 2177 735 2251 legentibus
764 2179 848 2256 quasi
876 2178 959 2235 filum
988 2179 1133 2256 quoddam
1161 2178 1228 2235 Ari-

220 2263 340 2321 adneum
368 2264 517 2335 tradatur,
545 2263 627 2320 cuius
648 2264 784 2339 prudenti
805 2283 862 2322 usu
883 2283 996 2321 ornnem
1024 2263 1229 2339 disputationis

219 2348 295 2405 viam
315 2348 506 2407 strationem
534 2348 627 2406 tutius
648 2367 795 2424 permeare
823 2353 939 2426 queant.
983 2347 1067 2409 Quod
1094 2354 1170 2405 certe
1192 2349 1228 2404 ad

217 2432 364 2491 Platonem
385 2432 607 2507 intelligendum
628 2437 742 2491 tantum
761 2432 860 2492 valere
881 2437 1025 2507 putamus,
1048 2436 1082 2489 ut
1103 2432 1154 2509 qui
1176 2432 1228 2489 tali

215 2517 347 2575 lectionis
369 2518 536 2576 adiumento
558 2523 689 2589 careant,
719 2518 805 2595 quale
832 2536 995 2592 comparare
1016 2534 1085 2572 sane
1114 2515 1227 2572 difficil-

213 2601 318 2659 limum
340 2621 401 2659 esse
422 2602 470 2660 vel
492 2622 530 2660 ex
558 2601 800 2675 cointelligitur,
833 2603 910 2679 quod
939 2600 989 2679 qui
1010 2620 1104 2676 nuper
1124 2601 1160 2657 de
1182 2620 1227 2658 ar-

214 2686 365 2760 gumentis
391 2691 420 2744 et
439 2686 566 2745 consiliis
594 2686 733 2744 librorum
760 2686 976 2744 Platonicorum
1005 2684 1142 2744 subtilius
1170 2686 1228 2744 dis·

212 2777 318 2847 putare
339 2769 537 2843 inst‘tuerunt,
556 2772 578 2828 ii
600 2792 658 2829 non
679 2772 766 2829 aliam
787 2773 824 2830 ob
839 2790 969 2829 caussam
990 2771 1027 2827 ad
1041 2770 1129 2827 miras
1143 2789 1228 2846 saepe

214 2876 305 2931 nugas
334 2856 446 2932 delapsi
473 2862 557 2928 sunt,
594 2876 682 2934 quam
710 2857 875 2935 quodnon
902 2861 1073 2917 tenuerunt,
1087 2855 1227 2912 librorum

216 2959 363 3012 summam,
386 2945 420 2999 ut
439 2941 531 3015 igitur
550 2941 602 3012 illi,
625 2941 675 3019 qui
696 2942 748 2999 tali
771 2948 888 2999 careant
906 2941 1072 2998 adiumento
1094 2945 1124 2998 et
1144 2960 1226 3015 prae-

214 3025 299 3097 sidio,
328 3026 453 3083 multam
473 3025 504 3083 in
524 3027 646 3100 legendo
674 3045 791 3103 operam
811 3026 920 3085 frustra
941 3025 1119 3084 consumturi
1146 3025 1226 3083 vide-

215 3117 305 3169 antur.
370 3110 513 3186 Exposita
562 3117 661 3170 autem
710 3111 914 3187 disputationis
962 3129 1074 3169 summa
1123 3109 1227 3168 deinde

215 3214 384 3272 quaeremus
420 3196 455 3253 de
491 3195 555 3253 eius
585 3195 703 3254 consilio
739 3202 770 3255 et
796 3195 957 3272 proposito,
994 3194 1137 3273 siquidem
1171 3195 1226 3251 hoe

214 3281 328 3337 demum
348 3280 486 3354 indagato
501 3279 565 3338 fieri
585 3280 700 3356 poterit,
721 3285 754 3339 ut
776 3282 812 3337 ad
833 3281 992 3357 pleniorem
1006 3279 1224 3337 accuratiorem-

215 3383 270 3440 que
298 3364 429 3423 universi
458 3365 552 3440 operis
573 3365 796 3439 intelligentiam
823 3365 1018 3441 perveniatur.
1063 3365 1127 3419 Iam
1155 3383 1224 3422 vero

215 3447 301 3505 huius
321 3449 361 3507 rei
383 3449 553 3527 quaestione
575 3451 707 3509 absoluta
718 3450 805 3509 tertio
826 3451 887 3507 loco
901 3447 1112 3526 disputabimus
1135 3449 1224 3506 etiam

215 3533 250 3590 de
269 3551 364 3591 rerum
383 3533 571 3609 dispositione
593 3539 680 3612 atque
701 3540 763 3593 arte
789 3534 1015 3611 compositionis,
1046 3552 1105 3611 qua
1128 3533 1222 3608 philo-

215 3619 317 3694 sophus
338 3618 371 3675 in
391 3621 541 3677 tractando
562 3619 767 3695 disputationis
789 3624 959 3694 argumento
980 3638 1051 3676 usus
1073 3618 1122 3676 sit.
1160 3617 1226 3681 Quo

217 3700 271 3776 ipso
299 3702 459 3774 efficietur,
495 3709 529 3762 ut
563 3705 640 3781 quod
674 3704 907 3780 proposuerimus
940 3706 975 3761 de
1011 3723 1123 3761 summa
1158 3704 1225 3761 libri

216 3787 357 3846 sententia
379 3791 410 3846 et
429 3788 533 3846 ultima
557 3788 669 3848 ratione
689 3788 829 3846 iudicium
849 3788 956 3848 certius
976 3788 1161 3847 confirmetur
1182 3794 1224 3847 at-

216 3889 266 3948 que
286 3871 407 3930 uberius
427 3872 598 3931 illustretur.

272 3956 408 4034 Denique
422 3956 510 4015 etiam
525 3959 561 4016 de
575 3958 754 4034 temporibus
770 3958 988 4034 explicabimus,
1009 3958 1115 4036 quibus
1130 3976 1223 4015 sermo

215 4041 258 4098 vel
278 4041 405 4117 scriptus
427 4041 466 4099 sit
486 4042 534 4101 vel
562 4043 680 4102 habitus
700 4043 843 4117 fingatur,
872 4043 1106 4121 quandoquidem
1134 4042 1237 4107 etiam,

213 4123 315 4184 harum
333 4145 432 4184 rerum
452 4127 558 4186 notitia
580 4128 718 4186 adtotius
739 4127 834 4203 operis
855 4127 982 4186 rationes
998 4134 1086 4205 atque
1108 4146 1224 4184 caussas

214 4208 241 4266 in
267 4210 427 4271 illustriore
455 4210 519 4268 luce
544 4214 691 4287 ponendas
719 4232 778 4269 non
805 4231 866 4290 una
892 4217 1031 4287 exparte
1053 4211 1223 4270 eritutilis-

212 4293 289 4354 sima
340 4295 398 4353 His
426 4296 558 4354 omnibus
592 4302 703 4365 autem,
718 4303 867 4374 utcunque
895 4296 1059 4354 dilucidatis
1089 4297 1223 4354 futurum

211 4397 272 4438 csse
292 4399 456 4457 speramus,
485 4386 520 4440 ut
540 4382 617 4456 apud
637 4381 768 4440 Platonis
791 4381 911 4452 amicos,
940 4381 1002 4439 sive
1023 4380 1080 4438 illis
1101 4387 1224 4440 utantur
