3242 5259
328 684 388 741 346
492 679 687 740 PLATONIS
710 679 893 738 GORGIAS.
922 679 955 738 P.
980 679 1049 738 527.
1071 679 1117 737 ed.
1133 678 1175 737 St.

326 839 387 926 τὴν
424 847 538 926 ὀίτιμον
565 843 686 931 ταύτην
712 844 857 926 πληγήν·
886 842 983 907 οὐδὲν
1008 841 1071 924 γὰρ
1099 840 1208 906 δεινὸν
1234 840 1346 919 πείσει,

328 941 385 1006 ἐὰν
404 950 449 1024 τῷ
470 946 540 1006 ὄντι
560 937 600 1024 ᾖς
620 942 717 1016 καλὸς
737 942 900 1024 κύναθός,
932 942 1041 1006 οίσκῶν
1062 939 1186 1024 α’ρετήν.
1210 944 1347 1004 κᾶπειτα

328 1039 413 1105 οὕτω
441 1051 534 1124 κοινῇ
563 1042 772 1124 ἀσκήσαντες,
808 1041 879 1104 τότε
908 1041 989 1123 ἤδη,
1025 1037 1082 1103 ἐὰν
1109 1040 1191 1122 δοκῇ
1220 1048 1345 1121 χρῆναι,

328 1137 549 1223 ἐπιθησόμεθα
569 1144 636 1213 τοῖς
656 1143 841 1214 πολιτικοῖς,
863 1138 883 1221 ἢ
907 1139 1021 1203 ὁποῖον
1042 1142 1084 1200 ἄν
1103 1160 1134 1200 τι
1153 1138 1233 1220 ἡμῖν
1253 1137 1344 1219 δοκῇ,

327 1239 398 1301 τότε
421 1239 684 1320 βουλευσόμεθα,
715 1238 860 1318 βελτίους
880 1241 970 1312 ὄντες
991 1237 1206 1320 βουλεύεσθαι
1225 1233 1246 1316 ἢ
1269 1239 1345 1298 νύν.

329 1336 460 1418 αἰσχρὸν
480 1337 543 1420 γὰρ
563 1331 692 1419 ίχοντοίς
711 1357 747 1417 γε
769 1333 812 1410 ὡς
832 1342 895 1398 νῦν
916 1337 1102 1418 φαινόμεθα
1122 1331 1213 1416 ἔχειν,
1237 1330 1346 1395 ἔπειτα

328 1436 550 1498 νεανιεύεσθαι
588 1429 632 1510 ὥς
659 1456 689 1497 τι
718 1437 832 1511 ὄντας,
869 1426 918 1508 οἷς
944 1425 1097 1499 οὐδέποτε
1124 1430 1226 1496 ταύτὰ
1256 1430 1348 1494 δοκεῖ

276 1523 305 1589 Ε
328 1532 485 1612 περὶτῶν
506 1534 623 1607 αύτοίν,
652 1531 827 1596 καὶταῦτα
848 1531 919 1612 περί
939 1535 1004 1596 τῶν
1024 1532 1197 1614 μεγίστων·
1227 1529 1274 1602 είς
1294 1551 1344 1593 το-

329 1636 449 1693 σούτου
485 1630 605 1713 ἥκομεν
638 1631 869 1705 α’παιδευσίας]
899 1624 1002 1711 ὥςπερ
1039 1623 1101 1694 οὖν
1134 1627 1271 1711 ἡγεμόνι
1298 1630 1344 1713 τῷ
1371 1648 1384 1717 ,3

327 1729 412 1810 λόγῳ
428 1724 621 1812 χρησώμεθα
635 1732 679 1811 τῷ
696 1739 758 1792 νύν
774 1725 1009 1808 παραφανέντι,
1031 1729 1067 1803 ὃς
1086 1727 1164 1810 ἡμῖν
1185 1725 1344 1808 σημαίνει,

328 1825 376 1889 ὅτι
406 1817 500 1901 οὗτος
529 1827 548 1890 ό
576 1829 695 1907 τρόπος
721 1831 851 1907 ἄριστος
871 1837 929 1890 τοῦ
951 1827 1040 1908 βίου,
1071 1826 1123 1889 καὶ
1144 1823 1205 1908 τὴν
1226 1825 1342 1889 δικαιο-

247 1937 251 1945 ’
327 1925 431 2007 σύνην
464 1925 517 1988 καί
545 1922 604 2007 τὴν
632 1928 732 2008 ἄλλην
762 1924 880 2007 ἀρετὴν
910 1925 1092 1998 ἀσκοῦντας
1121 1922 1176 1987 καὶ
1204 1926 1264 2006 ζῆν
1291 1920 1342 2005 καί

327 2023 490 2085 τεθνοίναι.
512 2024 615 2106 τούτῳ
631 2017 692 2087 ούν
709 2019 874 2106 ἑποίμεθα,
896 2021 1042 2096 καὶτοὺς
1062 2025 1181 2096 ἄλλους
1201 2043 1340 2103 παρααα·

326 2123 441 2204 λύμεν,
463 2120 506 2204 μὴ
529 2120 649 2204 ἐκείνῳ,
681 2110 706 2204 ᾧ
728 2115 770 2184 σὺ
790 2122 951 2184 πιστεύων
971 2119 1025 2204 ἐμὲ
1043 2123 1258 2202 παρακαλεῖς·
1280 2117 1340 2186 ἔστι

326 2219 388 2302 γὰρ
410 2220 544 2295 οὐδενὸς
563 2220 661 2298 ἄξιος,
684 2211 710 2284 ὦ
733 2220 927 2294 Καλλίκλεις.

328 2383 479 2505 Serlellnlltv
487 2380 723 2506 tilrmqgevptatgoeipl
742 2379 1003 2505 qllerleegtlinVlrlll
1018 2382 1343 2505 led4244.tipr‘lmlfarss{llll⁴

326 2524 397 2574 Flor.
415 2540 438 2574 a.
451 2524 474 2572 d.
486 2541 511 2573 x.
529 2524 603 2574 Bedl.
622 2526 725 2574 Meerm.
761 2525 792 2572 In
810 2524 879 2572 Fler.
898 2538 919 2575 e.
938 2539 971 2575 m.
990 2538 1011 2571 ο.
1030 2513 1048 2588 ἦ
1066 2523 1196 2588 scriptum,
1214 2536 1265 2585 quo
1282 2522 1343 2586 ipse

326 2592 442 2642 firmatur
459 2593 537 2643 etiam
554 2594 639 2658 magis
656 2597 774 2656 receptae
791 2591 912 2640 lectionis
929 2591 1033 2642 veritae.

378 2656 499 2710 ύποῖον
521 2657 558 2711 ἄν
580 2679 607 2710 τι
631 2656 705 2727 ἡμῖν
727 2657 821 2725 δοκῇ]
847 2655 910 2725 ἡμῖν
933 2675 966 2709 ex
988 2657 1076 2709 Clark.
1100 2658 1156 2708 vet.
1175 2655 1255 2707 eniel.
1273 2657 1341 2709 Ven.

330 2726 390 2777 ΞΣ.
410 2728 521 2792 aliisque
541 2728 658 2791 plurimis
675 2729 820 2778 restitutum
839 2733 887 2776 est.

378 2797 409 2847 E.
445 2796 497 2845 καί
516 2795 571 2862 τὴν
590 2793 826 2860 δικαιοσύνην]
845 2794 888 2844 καί
906 2793 1022 2844 additum
1039 2809 1072 2844 ex
1089 2793 1146 2844 vet
1164 2791 1244 2847 Goisl.
1263 2793 1344 2846 vind.

329 2862 351 2913 1.
369 2864 392 2914 6.
416 2863 475 2913 Par.
494 2864 668 2914 BCEFIW.
693 2863 762 2913 Fler.
780 2881 803 2914 a.
821 2862 847 2914 b.
864 2864 882 2913 f.
899 2879 934 2911 m.
952 2878 974 2912 ο.
993 2879 1014 2912 e.
1032 2879 1057 2912 x.
1077 2866 1103 2912 et
1118 2860 1178 2912 edit.
1195 2862 1256 2912 Bas.
1274 2861 1300 2913 2.

326 3033 352 3081 p.
374 3013 432 3067 242.
457 3017 487 3064 B.
519 3015 626 3065 Theaet.
649 3033 674 3081 p.
697 3013 756 3066 145.
780 3014 809 3065 C.
897 3016 931 3064 D.
963 3012 1048 3065 οὕτω
1066 3013 1163 3081 κοινῇ
1180 3010 1344 3081 ἀσκήσαν-

326 3100 351 3148 p.
370 3081 473 3134 1541).
498 3083 666 3148 Aristoph.
684 3085 768 3134 Rann.
785 3099 810 3132 v.
864 3099 925 3140 res,
945 3080 1015 3133 τότε
1033 3080 1107 3151 ἤδη]
1132 3088 1275 3148 etquum
1295 3086 1344 3135 ita

327 3150 402 3202 1016.
421 3150 453 3200 al.
489 3152 579 3215 Itaque
603 3148 710 3215 τάταξαι
732 3152 809 3201 inter·
862 3153 1077 3201 communiter
1100 3153 1130 3201 ei
1147 3151 1345 3215 studuimus,
1382 3170 1384 3177 ·

326 3226 440 3283 pretatur
467 3219 648 3269 Hensdius:
679 3221 751 3270 eine
778 3224 809 3268 te
862 3226 926 3270 tum
945 3218 1244 3269 demum—adres
1262 3222 1343 3271 eiri-

327 3286 512 3349 verberari,
540 3292 656 3351 patere
681 3294 717 3337 ut
742 3302 810 3336 ver·
860 3284 1122 3338 lestreetendae
1140 3286 1343 3338 aecedemue.
1371 3308 1373 3313 ·

327 3356 464 3405 bereris.
523 3356 698 3405 Veruntamen
741 3360 809 3406 reete
860 3355 904 3406 Sin
928 3353 984 3406 τότε
1007 3353 1043 3414 δέ,
1069 3350 1125 3404 τότε
1149 3351 1205 3419 δή,
1222 3350 1269 3404 τότ’
1294 3352 1345 3421 ἤδη

327 3425 405 3473 Bntt
414 3440 438 3472 m
448 3438 552 3472 annue
570 3423 677 3474 verbum
696 3424 807 3473 medinm
859 3423 955 3489 passim
969 3429 1027 3488 pest
1037 3422 1175 3488 partieipia
1190 3419 1344 3474 inferuntur.

327 3494 364 3541 ait
381 3491 585 3557 significaturum
606 3506 662 3541 esse
680 3507 760 3541 eura
778 3500 808 3540 te
859 3507 884 3540 n.
902 3492 1049 3541 Fischer.
1072 3490 1103 3540 ad
1122 3489 1227 3540 Weller.
1246 3492 1277 3540 T.
1295 3492 1343 3545 Ill.

328 3559 576 3608 verberandum
601 3560 678 3623 idque
703 3560 735 3609 ab
758 3561 807 3610 hoe
860 3557 1033 3624 P.11.p.92.
1057 3557 1202 3608 Goeller.
1222 3557 1254 3608 ad
1273 3560 1343 3608 Thu·
1375 3578 1379 3587 ·

327 3627 383 3677 loeo
393 3629 505 3677 alienum
516 3644 579 3676 esse.
596 3628 807 3693 Aristophan.
859 3626 918 3691 eyd.
937 3628 968 3688 V,
985 3625 1027 3678 46.
1061 3627 1209 3676 Dietionem
1225 3624 1342 3676 ἐπιτιθε-

327 3695 411 3744 Nubb.
428 3712 452 3743 v.
467 3693 526 3745 494.
550 3696 709 3758 Strepsiades
726 3698 806 3745 inter·
861 3697 929 3744 σθαί
950 3713 997 3745 τινι
1020 3692 1148 3759 πράγματι
1167 3694 1295 3758 exemplis
1313 3695 1343 3745 il-

327 3771 445 3829 rogatus:
465 3763 500 3812 Τι’
515 3762 588 3829 δρᾷς,
609 3761 641 3827 ἦν
660 3767 696 3817 τίς
717 3781 745 3814 σε
764 3762 806 3814 τύ·
858 3761 979 3811 lustravit
1001 3760 1195 3812 Boissenad.
1222 3763 1255 3811 ad
1282 3764 1343 3813 Phi·

327 3849 389 3895 mp:
414 3831 563 3894 respondet:
584 3829 723 3892 Τύπιομαι,
741 3833 767 3881 h.
785 3847 807 3880 e.
858 3830 930 3880 lostr.
947 3831 1061 3880 Hereiea
1079 3847 1102 3895 p.
1120 3827 1179 3880 343.

320 3899 361 3949 Δίοί
385 3894 498 3959 ἐμαυτὸν
517 3895 665 3948 τύπτεσθαι.
703 3901 752 3950 sed
769 3898 807 3947 ibi
893 3899 1004 3948 ἔπειτα
1030 3895 1270 3948 νεανιεύεσθαι
1293 3897 1339 3965 -]

277 4008 282 4016 .
325 3973 411 4016 tamen
438 3964 560 4027 τύπτομαι
592 3983 669 4017 sensu
701 3969 806 4032 passivo
859 3972 967 4016 tamen
991 3967 1195 4017 iuveniliter
1217 3983 1278 4016 nes
1301 3968 1343 4017 ia·

325 4035 558 4100 pesitumvidetur.
591 4031 807 4100 Itaquei‘lap’p‘eiv
859 4039 947 4084 ctare
986 4052 1023 4085 ae
1063 4033 1248 4099 superbire.
1301 4037 1343 4084 De

325 4104 436 4167 pertinet
458 4103 491 4151 ad
512 4103 604 4161 ἔασον,
629 4103 697 4168 quod
715 4120 748 4152 ex
766 4118 807 4151 eu·
859 4102 943 4150 ἔπειτα
965 4118 989 4151 v.
1009 4104 1043 4152 ad
1061 4102 1191 4155 Phaedon.
1210 4119 1233 4167 p.
1253 4100 1293 4152 70.
1312 4105 1343 4153 E.

325 4171 469 4234 perietibus
495 4172 661 4236 repetendum
685 4176 730 4224 est.
767 4172 806 4219 De
858 4170 945 4218 Verba
956 4170 996 4223 ele
1011 4176 1137 4221 τοσούτου
1151 4168 1249 4234 ἥκομεν
1266 4166 1342 4220 ἀπαι-

325 4239 436 4288 fermula
459 4239 500 4288 καὶ
527 4240 568 4289 ναί
595 4237 629 4300 μὰ
648 4240 703 4289 Δία
730 4255 755 4286 v.
773 4237 806 4287 ad
859 4238 967 4291 δευοίαι·
990 4239 1078 4289 addita
1095 4244 1156 4289 sunt
1173 4255 1219 4304 per
1236 4238 1344 4303 epipho-

325 4322 349 4371 p.
367 4304 424 4356 483.
442 4309 472 4356 E.
857 4322 942 4355 nemu.

545 4524 627 4557 (lothen.
654 4524 714 4564 Typia
727 4523 1003 4566 Erigelherde·lteylrerisnae
1016 4524 1114 4558 omninno.
