3242 5259
1305 1116 1381 1177 Stcph

353 1182 434 1272 Cap.
457 1185 485 1248 I.
510 1185 611 1246 KAA.
656 1180 807 1264 Πολέμου
828 1181 881 1246 καὶ
901 1185 1003 1267 μάχης
1022 1184 1102 1265 φασὶ
1121 1193 1251 1268 χρῆναι.
1278 1189 1304 1249 ὼ
1326 1153 1388 1265 447.

287 1283 472 1364 Σώκρατες,
494 1279 578 1343 οὕτω
598 1281 854 1362 μεταλαγχάνειν.
902 1284 980 1345 Est.
1005 1275 1082 1345 Ἀλλ’
1104 1276 1135 1364 ἦ,
1156 1286 1192 1346 τὸ
1213 1286 1301 1364 λεγό-

284 1401 396 1461 μενονῚ
410 1380 546 1442 κατόπιν
563 1375 672 1459 ἑορτῆς
684 1377 805 1460 ἥκομεν
818 1377 871 1441 καὶ
884 1379 1079 1460 ὑστεροῦμεν)
1085 1406 1096 1455 3
1120 1383 1221 1445 ΚΑΛ.
1237 1380 1303 1445 Kal

284 1479 372 1556 μάλα
409 1497 445 1557 γε
473 1475 598 1549 ἀστείοις
634 1472 758 1557 ἑορτῆς·
800 1476 902 1539 πολλὰ
932 1475 995 1558 γὰρ
1029 1477 1084 1540 καὶ
1119 1478 1200 1541 καλὰ
1222 1483 1302 1557 Ιορ-

283 1575 357 1654 νίας
392 1573 471 1656 ἡμῖν
510 1573 620 1653 ὀλίγον
665 1574 822 1653 πρότερον
852 1572 1038 1652 ἐπεδείξατο.
1103 1577 1181 1638 Est.
1223 1578 1303 1640 Tori-

335 1758 365 1806 Ρ.
384 1753 443 1806 447.
464 1755 547 1818 φασὶ
565 1753 695 1821 χρῆναι]
722 1757 787 1820 φησὶ
806 1757 865 1805 Vat.
888 1772 925 1821 pr.
943 1758 1008 1807 Ven.
1034 1756 1064 1806 Σ.
1083 1757 1160 1806 vind.
1185 1759 1252 1824 Aug.
1277 1765 1304 1808 et

282 1824 340 1873 nod.
358 1824 462 1884 Bouth,
480 1822 549 1887 quod
565 1824 603 1872 ita
621 1840 636 1872 a
654 1823 781 1873 citerioris
800 1825 950 1889 graecitatis
968 1825 1139 1890 scriptoribus
1156 1834 1303 1890 usurpatur,

283 1899 313 1940 ut
335 1891 394 1941 Lat
416 1892 535 1956 iuquit
564 1907 588 1938 v.
613 1892 696 1956 Toup.
720 1890 754 1940 ad
776 1891 888 1956 Lougln.
919 1909 943 1956 p.
965 1890 1023 1943 275.
1064 1893 1246 1958 Wyttenbach.
1269 1895 1302 1944 ad

282 1958 417 2008 Plutarch.
441 1960 472 2008 Τ.
497 1958 529 2007 Il.
552 1974 577 2023 p.
601 1957 657 2009 105.
681 1957 720 2008 ed.
743 1959 813 2024 Lips.
837 1960 988 2010 Boissonad.
1012 1959 1045 2009 ad
1069 1962 1171 2025 Eunap.
1194 1977 1218 2026 p.
1241 1960 1300 2012 418.

283 2028 353 2076 Dein
377 2023 447 2076 οὕτω
471 2025 513 2075 καὶ
537 2027 620 2086 μεταλ.
656 2027 722 2076 Vsu.
742 2027 771 2076 Σ.
791 2027 868 2076 Vind.
886 2024 910 2078 2.
934 2026 957 2078 7.
992 2029 1055 2078 Mox
1073 2025 1123 2078 ἀλλ’
1144 2027 1160 2094 ἢ
1182 2028 1258 2079 vind.
1277 2029 1301 2080 1.

282 2095 307 2144 ⁶2.
326 2093 438 2145 6.·Flor.
458 2110 481 2144 a.
499 2093 524 2143 b.
543 2108 567 2143 c.
582 2109 617 2143 m.
634 2094 729 2144 Routh.
748 2094 802 2144 alii.
820 2095 895 2145 mala.
913 2111 938 2146 v.
955 2096 1031 2146 infra

319 2261 382 2327 Cap.
400 2261 421 2312 Ι.
438 2278 463 2327 ρ.
480 2259 539 2312 447.
556 2263 588 2312 Α.
612 2260 766 2322 Πολέμου
819 2261 1109 2327 precepissent.
1131 2266 1301 2316 Proverbium
1397 2284 1399 2291 ·

283 2329 337 2378 καὶ
369 2329 471 2394 μάχης
504 2356 539 2365 -
572 2326 767 2395 μεταλαγχά·
819 2327 958 2380 κατόπιν
980 2329 1117 2394 ἑορτῆς,
1149 2340 1225 2396 post
1259 2335 1301 2382 fe-

282 2397 365 2462 νειν]
389 2397 423 2450 Η,
446 2413 469 2446 e.
496 2398 531 2446 in
554 2412 659 2446 rerum
683 2399 767 2447 iniu-
818 2396 1300 2458 stum,dicisolitume'rrlreindutum

283 2464 471 2514 cundarum
499 2471 529 2513 et
556 2464 767 2528 periculosa·
818 2467 887 2531 salpi
898 2461 1024 2529 πράγματι
1039 2461 1298 2525 ἅπολιρτανομένων,

283 2549 349 2582 rum
376 2533 578 2582 societatem
607 2539 670 2582 tam
693 2549 765 2583 sero
818 2548 884 2596 quse
907 2540 969 2582 suut
991 2532 1070 2583 verba
1093 2533 1249 2583 scholiastae
1274 2541 1300 2584 et

283 2601 400 2649 venire
435 2599 566 2660 deceat3
607 2600 765 2650 iucundis
818 2600 1055 2665 Olympiodori
1078 2600 1186 2650 adhl.
1212 2601 1300 2651 Verba

283 2674 381 2732 atque
409 2669 520 2732 gratis
557 2669 589 2716 iu
617 2673 765 2732 tompore
817 2667 859 2717 nal
897 2663 1059 2728 ὑστεροῦμεν
1089 2667 1234 2719 Cobetus
1266 2670 1300 2720 ad

282 2737 451 2786 interesse
498 2740 640 2800 oportet.
686 2737 765 2786 Recte
817 2735 888 2785 Orat.
900 2734 1193 2800 deartsinterpretaudi
1204 2753 1228 2802 p.
1241 2736 1299 2788 141.

283 2802 545 2867 Olympiodorus
562 2817 609 2852 ms.
625 2802 680 2852 (lis.
699 2803 764 2865 φασὶ
815 2808 845 2852 ut
861 2803 991 2868 glossema
1003 2803 1122 2853 damnat:
1141 2805 1209 2855 iusto
1227 2821 1299 2856 sevc-

283 2868 342 2935 polp,
361 2868 412 2928 ὅτι,
432 2869 459 2919 εἰ
473 2861 508 2936 ἦν
526 2866 645 2930 πόλεμον,
664 2869 717 2920 ἔδει
736 2886 765 2920 σε
815 2871 1298 2938 rius,opinor,nisit'orteetiamSopho-

283 2935 586 3057 i'l'dflwitufilni?
604 2939 765 3055 ,twssl’lti
815 2937 1298 3057 i¹il¹¹¹2¹¹il¹³dl¹¹t¹¹iii³i²v‘tim

285 3023 416 3122 Πλάτῒννι·
441 3074 523 3122 λείπει
540 3071 589 3137 γὰρ
615 3021 764 3139 {necaveris
814 3023 900 3123 Multg
922 3022 1009 3123 minups
1032 3075 1112 3124 stium
1134 3025 1296 3140 prodandffi

282 3137 321 3189 τό·
340 3136 393 3189 ἀλλ’
413 3135 472 3203 οὐχὶ
491 3145 534 3206 τῆς
552 3138 583 3188 ἐν
599 3137 684 3205 λόγοις
702 3137 764 3208 ἡδο·
814 3140 938 3190 iudicium
956 3141 1152 3207 Hirschigii
1175 3151 1227 3205 est,
1252 3145 1296 3208 qui

283 3213 342 3323 ppo,
365 3209 435 3292 ‘niun
452 3205 491 3324 qli]
515 3213 562 3257 νῦν
571 3205 726 3326 uuapo'gglaro
748 3205 762 3259 ὁ
814 3209 893 3324 νοῖξο
918 3204 1023 3290 duratus
1047 3208 1144 3325 ἐὲρτῆτ
1165 3219 1223 3326 ppst
1253 3212 1295 3328 καέ

280 3291 763 3408 ρῗΙέΐοταλαγΞῒναεῗν·ἒφνστέρῦἓζνζ
813 3292 1046 3409 ppmenysexgunpppp
1059 3293 1296 3396 cauzgzsehieqmz-

282 3406 502 3474 ἢοῖποτνγχᾶνοιν
524 3406 634 3475 κλήρους
657 3410 763 3460 sedhic
814 3426 927 3462 morasse
944 3413 1007 3461 sutis
1024 3419 1152 3476 putamus.
1184 3413 1294 3464 Tirones

282 3477 346 3526 nihil
375 3476 447 3526 aliud
477 3483 516 3527 est
545 3479 598 3527 nisi
626 3480 762 3543 pertici·
812 3494 867 3528 rem
883 3480 935 3542 ipsi
952 3478 1106 3544 expendant.

281 3560 348 3608 pom
377 3545 462 3594 fieri.
489 3573 522 3582 —
550 3542 635 3594 οὕτω
664 3544 762 3596 dictum
831 3542 1199 3612 Popyr'asripivdir'yov
1220 3545 1294 3611 πρό·
1360 3609 1362 3612 y

281 3619 316 3662 est
344 3610 490 3671 decurtatio,
520 3618 583 3662 tam
612 3629 700 3677 soro,
729 3631 762 3666 re
814 3629 913 3676 τερον
937 3612 1035 3681 ἕπεο]
1060 3615 1187 3680 Gorgias,
1211 3617 1295 3679 patria

280 3680 341 3729 iam
358 3685 503 3744 peracta.
811 3681 965 3744 Leontinus,
979 3682 1092 3745 Siculus,
1110 3683 1180 3732 circa
1190 3683 1293 3748 Olymp.

309 3743 385 3797 Ἀλλ’
410 3739 441 3813 ἦ,
465 3747 497 3798 τὸ
516 3744 700 3812 λεγόμενον
717 3776 751 3785 -
811 3748 893 3798 LXX.
915 3750 959 3799 sel
980 3749 1083 3810 LXXI,
1101 3749 1125 3800 1.
1147 3758 1222 3800 natus
1245 3752 1296 3801 fuit

282 3814 355 3876 Quod
372 3812 478 3880 plurimi
497 3814 571 3865 codd.
595 3814 691 3864 habeut
708 3812 752 3866 dli
812 3816 929 3880 vixitque
952 3817 985 3867 ad
1008 3817 1132 3883 grandem
1156 3833 1238 3883 usque
1256 3829 1298 3870 so·'

279 3877 299 3945 ἧ,
323 3881 351 3931 id
382 3883 459 3932 ctiam
492 3881 615 3932 Suidas
644 3885 761 3948 agnoscit
811 3889 949 3946 nectutem,
963 3884 1170 3949 quandoquidem
1184 3892 1293 3936 aetatem

279 3949 423 4014 accipitque
441 3965 487 4014 pro
505 3945 556 3999 ἀλλ’
575 3945 635 4013 ἄρα.
652 3951 692 3999 De
707 3947 758 4000 ἀλλ’
810 3957 915 4001 eentum
928 3959 954 4001 ct
964 3959 1022 4002 octo
1035 3968 1161 4003 annorum
1176 3954 1293 4019 attigisse

279 4007 306 4079 ἦ,
330 4023 362 4067 at
386 4032 456 4067 num
481 4032 612 4079 revera,
631 4023 657 4066 et
672 4014 724 4068 ἀλλ’
745 4015 761 4084 ἤ
811 4026 944 4080 narratur,
967 4026 997 4068 ut
1013 4035 1062 4070 neo
1080 4020 1233 4070 incredibile
1250 4023 1292 4084 sit,

278 4083 302 4132 ln
326 4084 403 4134 libris
428 4099 613 4148 saepenumero
641 4085 709 4134 inter
732 4101 759 4135 se
811 4086 880 4150 quod
903 4086 1097 4138 Athenaeus
1128 4090 1221 4152 Deipn.
1246 4091 1294 4139 Xl.

278 4152 427 4214 permutatis
435 4151 759 4234 v.Valckcn.adEurip.
809 4170 835 4219 p.
852 4151 911 4215 305.
928 4155 1066 4204 memoriae
1084 4155 1204 4220 prodidit,
1222 4156 1292 4207 huno

278 4217 410 4286 Hippolyt.
435 4235 461 4269 r.
478 4216 539 4270 932.
556 4249 589 4257 -
613 4216 645 4268 τὸ
669 4222 759 4286 ispo·
809 4222 927 4271 Platonis
953 4220 1049 4270 librum
1077 4223 1159 4286 ipsius
1187 4226 1292 4274 nomino

278 4300 389 4348 μενον,
414 4286 500 4351 quod
522 4287 556 4335 iu
577 4287 759 4351 proverbio
809 4289 1293 4354 inscriptumeiinnotuisse.v.Quin·

278 4351 420 4411 diciturr
436 4361 468 4405 ut
478 4353 596 4421 Sympus.
612 4369 638 4420 p.
655 4351 713 4407 217.
727 4356 759 4406 Ε.
809 4357 857 4405 til.
881 4357 994 4409 Institut
1018 4357 1071 4420 III,
1101 4356 1131 4420 l,
1156 4356 1180 4408 9.
1221 4361 1291 4411 Usus
