3242 5259
281 601 320 654 cr
637 593 936 654 rnomcouans
993 673 995 676 Ι

279 764 347 842 quio
368 764 399 820 in
426 763 533 839 primos
561 782 652 821 annos
679 764 749 822 belli
770 762 1007 839 Peloponnesiaci
1035 763 1139 822 collato
1167 764 1295 822 sermoni

278 867 418 926 perquam
438 848 602 924 importune
622 848 775 907 intertexti
796 867 859 906 esse
880 848 1067 906 existimandi
1087 848 1191 908 forent
1236 849 1294 906 Sed

278 935 334 990 hoc
353 933 448 1009 ipsum
469 952 521 991 nos
542 933 685 1005 admonet,
707 939 741 991 ut
761 933 851 991 etiam
863 933 963 1008 paucis
983 932 1186 1010 disquiramus,
1207 953 1294 1011 quor·

278 1039 343 1077 sum
363 1018 529 1094 pertineant
549 1036 623 1094 quae
644 1030 682 1094 p.'
696 1022 764 1075 519.
787 1019 824 1075 Α.
846 1025 877 1077 et
896 1039 925 1093 p.
941 1023 1010 1075 481.
1025 1019 1061 1074 D.
1083 1018 1119 1076 de
1141 1019 1294 1077 Alcibiade

277 1103 436 1179 perscripta
470 1103 573 1176 legunt
609 1147 616 1160 .
673 1103 801 1160 Accusat
835 1122 905 1162 vero
934 1102 1065 1162 Socrates
1098 1123 1126 1178 p.
1157 1108 1227 1161 319.
1257 1106 1294 1161 A.

277 1188 488 1259 Athenienses,
523 1187 600 1264 quod
633 1186 831 1262 praesentium
858 1186 1001 1244 malorum
1029 1206 1146 1245 caussas
1173 1207 1234 1245 non
1262 1188 1295 1245 in

277 1293 362 1334 veros
382 1273 500 1330 illorum
521 1277 668 1342 auctores,
690 1271 741 1349 qui
763 1272 887 1330 antehae
906 1271 1050 1343 vixerint,
1072 1273 1123 1330 sed
1142 1271 1242 1347 potius
1262 1272 1295 1330 in

278 1378 335 1430 eos,
357 1357 409 1436 qui
430 1376 509 1414 nunc
528 1357 624 1432 ipsum
644 1356 756 1428 vivant,
777 1357 908 1414 conferre
928 1357 1049 1428 soleant,
1071 1357 1148 1414 unde
1170 1377 1220 1415 eos
1243 1376 1295 1415 au-

278 1448 401 1516 guratur
428 1442 518 1500 etiam
545 1441 693 1499 Calliclem
721 1447 809 1519 atque
846 1441 971 1498 amicum
998 1461 1085 1500 suum
1111 1441 1296 1500 Alcibiadem

278 1529 471 1603 prehensuros
492 1545 564 1599 esse,
585 1526 701 1604 quando
714 1525 840 1601 pristina
853 1545 968 1604 quoque
988 1546 1049 1584 una
1069 1545 1136 1583 cum
1149 1526 1195 1598 iis,
1217 1545 1294 1604 quae

280 1613 374 1670 adhuc
396 1610 617 1690 acquisiverint,
638 1610 779 1686 perdituri
801 1610 869 1670 sint
897 1612 930 1669 P.
947 1616 1016 1669 481.
1032 1612 1068 1668 D.
1091 1630 1171 1688 seqq.
1193 1617 1293 1670 autem

279 1697 427 1756 Calliclem
454 1696 549 1771 lepide
578 1696 748 1767 cavillatur,
777 1697 855 1772 quod
883 1715 936 1770 per
955 1695 1052 1752 omnia
1072 1696 1212 1754 concedat
1231 1701 1295 1755 tam

279 1785 324 1863 τῷ
345 1777 434 1864 δήμῳ
449 1779 674 1840 Atheniensium
688 1799 776 1857 quam
789 1775 902 1860 Δήμῳ,
922 1779 1097 1857 Pyrilampis
1109 1779 1179 1852 filio,
1201 1800 1294 1859 quum

278 1866 341 1942 ipse
368 1886 457 1924 unam
484 1865 694 1941 philosophiam
730 1864 762 1921 in
790 1864 902 1922 deliciis
928 1865 1050 1936 habeat,
1088 1884 1163 1942 quae
1190 1867 1294 1924 eadem

279 1970 392 2026 semper
413 1952 534 2010 suadeat
554 1955 585 2008 et
606 1949 706 2008 alteris
720 1948 831 2007 deliciis
845 1949 915 2020 suis,
936 1947 1096 2022 Alcibiade,
1118 1949 1213 2008 multo
1227 1969 1295 2009 con-

279 2036 403 2095 stantior
430 2036 483 2107 sit,
518 2034 625 2113 quippe
654 2053 745 2112 quum
772 2033 884 2092 Cliniae
910 2033 990 2091 filius
1018 2033 1082 2092 aliis
1110 2040 1200 2113 atque
1228 2035 1295 2094 aliis

278 2126 380 2181 utatur
408 2119 594 2178 orationibus.
650 2119 732 2176 Haec
760 2117 852 2191 igitur
885 2119 982 2176 omnia
1009 2118 1068 2176 iam
1095 2121 1296 2197 quaerendum

279 2211 324 2264 est
344 2225 415 2262 num
436 2224 495 2282 qua
516 2208 546 2263 et
565 2203 629 2278 ipsa
648 2202 679 2259 in
694 2203 807 2280 Olymp.
823 2208 872 2274 93,
895 2208 923 2261 4.
939 2203 1121 2264 conveniant
1150 2204 1297 2264 Videntur

280 2296 378 2349 autem
399 2308 434 2349 ea
454 2287 589 2347 faoiffime
610 2287 740 2363 expediri
760 2307 859 2364 posse,
889 2288 1042 2345 dummodo
1063 2307 1101 2346 ne
1122 2289 1159 2347 ad
1179 2289 1295 2350 iuveni-

280 2376 339 2433 lem
359 2373 518 2433 Alcibiadis
539 2377 679 2443 aetatem,
702 2373 752 2430 sed
773 2372 810 2429 ad
830 2373 1002 2431 maturiores
1023 2373 1086 2431 eius
1106 2392 1198 2433 annos
1219 2375 1294 2433 refe-

279 2466 390 2520 rantur.
433 2457 548 2534 Quippe
568 2456 735 2534 respicitur,
765 2457 881 2533 opinor,
912 2459 948 2515 ad
969 2457 1117 2516 fortunam
1145 2465 1176 2518 et
1196 2460 1294 2517 condi·
1310 2450 1327 2533 J

279 2546 405 2618 tionem,
427 2564 487 2623 qua
508 2544 622 2620 Olymp.
646 2546 694 2613 93,
719 2546 746 2599 3.
769 2542 832 2600 sive
854 2561 930 2599 anno
951 2548 1019 2601 ante
1038 2543 1132 2601 habiti
1153 2544 1295 2604 sermonis

280 2635 394 2707 tempus
415 2628 545 2705 proxime
564 2626 710 2703 'superiore
731 2646 802 2685 usus
823 2630 876 2698 est,
896 2646 1035 2704 quorsum
1054 2629 1186 2704 respexit
1205 2629 1294 2688 etiam

279 2715 491 2790 Aristophanes
503 2714 598 2770 Rann.
619 2711 651 2768 in
671 2711 804 2787 parabasi
825 2730 900 2771 vers.
923 2716 983 2769 693
1005 2732 1085 2790 seqq.
1113 2713 1191 2771 Tum
1216 2714 1294 2772 enim

280 2798 445 2857 Alcibiades
473 2802 541 2873 post
566 2796 676 2872 praelia
703 2797 845 2873 quaedam
866 2797 1006 2868 secunda,
1035 2816 1111 2875 quae
1135 2797 1200 2873 ipso
1221 2800 1294 2857 duce

280 2889 364 2942 erant
385 2882 542 2953 commissa,
564 2885 681 2957 propter
694 2880 833 2939 Antiochi
854 2881 935 2939 ducis
954 2880 1181 2957 imprudentiam
1201 2902 1293 2961 quan-

280 2969 347 3026 dam
368 2987 402 3025 ac
421 2966 616 3026 temeritatem
643 2965 787 3024 exercitus
817 2966 952 3041 imperio,
981 2965 1093 3044 aliquot
1119 2967 1205 3026 annis
1226 2972 1293 3027 ante

281 3058 405 3128 accepto,
426 3071 528 3109 rursus
548 3055 708 3109 summotus
729 3055 781 3109 est.
826 3052 1019 3128 Posteaquam
1048 3051 1126 3109 enim
1146 3053 1224 3128 apud
1246 3053 1292 3111 Pi-

281 3138 461 3213 saphemem,
481 3135 558 3210 regis
571 3137 726 3194 Persarum
739 3135 926 3210 praefectum,
948 3135 1059 3194 diutius
1079 3142 1143 3195 erat
1155 3142 1292 3211 moratus,

281 3224 464 3281 Athenarum
492 3221 610 3281 civitate
638 3220 750 3278 interea
771 3219 905 3279 civilibus
925 3219 1054 3295 partium
1080 3221 1186 3281 studiis
1206 3223 1293 3292 vehe-

280 3313 394 3367 menter
414 3311 605 3385 conquassata
624 3305 734 3364 factum
755 3309 815 3375 est,
843 3311 878 3363 ut
898 3304 1012 3381 Olymp.
1035 3310 1089 3378 92,
1117 3311 1145 3363 2.
1168 3327 1211 3359 =
1233 3311 1290 3365 4ll

281 3412 306 3450 a
328 3393 394 3452 Chr.
423 3392 605 3469 Thrasybulo
633 3393 749 3447 auctore
783 3390 844 3446 dux
872 3389 1011 3448 maritimi
1037 3389 1184 3450 exercitus
1217 3410 1293 3450 crea-

279 3482 361 3537 retur
381 3483 411 3537 et
432 3478 464 3534 in
484 3475 609 3552 patriam
629 3478 822 3532 revocaretur.
872 3471 937 3535 Quo
956 3474 1034 3533 facto
1055 3475 1293 3550 splendidissimis

279 3562 409 3622 victoriis
430 3563 466 3619 de
487 3558 780 3619 Lacedaemoniorum
807 3558 898 3616 classe
923 3559 1078 3634 reportatis
1097 3559 1141 3619 ita
1161 3561 1294 3620 Athenas

280 3647 415 3719 revertit,
444 3651 479 3705 ut
498 3645 539 3703 ibi
562 3644 650 3704 etiam
669 3641 804 3701 maximis
833 3643 991 3702 honoribus
1019 3649 1179 3704 omaretur.
1200 3645 1293 3704 ’Mox

280 3736 379 3791 tamen
400 3731 558 3801 Antiocho,
581 3727 680 3786 elassis
700 3730 908 3802 gubernatore,
931 3747 949 3784 a
968 3729 1119 3805 Lysandro
1140 3731 1178 3788 ad
1198 3731 1294 3807 Ephe-

280 3838 345 3875 sum
366 3815 480 3875 devicto
506 3812 621 3872 mobilis
647 3814 751 3872 turbae
777 3813 892 3872 decreto
919 3833 1032 3870 summa
1058 3813 1174 3890 imperii
1193 3834 1293 3874 rursus

279 3901 413 3977 privatus
434 3905 493 3972 est,
520 3899 636 3957 Conone
657 3897 688 3955 in
708 3897 800 3973 ipsius
821 3898 917 3955 locum
937 3899 1073 3970 suffecto,
1102 3899 1133 3956 id
1154 3900 1233 3978 quod
1253 3900 1294 3960 ita

280 3987 384 4046 accidit
404 3987 518 4064 Olymp.
542 3989 590 4054 93,
614 3987 641 4040 2.
663 3982 712 4042 vel
734 3987 761 4039 3.
784 4004 825 4033 =
848 3987 909 4040 406
931 4002 956 4040 a
979 3983 1046 4042 Chr.
1073 4004 1101 4043 v.
1123 3984 1293 4061 Xenoph.

280 4072 395 4130 Hellen.
410 4073 435 4144 Ι,
451 4076 479 4142 4,
499 4073 544 4126 18.
567 4067 630 4126 coll.
644 4069 669 4138 I,
688 4071 713 4137 1,
739 4071 751 4125 1
770 4086 850 4145 seqq.
872 4066 1021 4126 Diodor.
1036 4068 1127 4140 XIII,
1144 4073 1194 4128 33.
1208 4071 1293 4146 Nep.

280 4157 339 4215 Vit.
360 4157 454 4215 Alcib.
476 4153 640 4230 Thucyd.
662 4153 747 4224 VIII,
770 4156 819 4209 38.
841 4153 1035 4211 Plutarch.
1065 4152 1160 4212 Alcib.
1184 4159 1233 4213 35.
1255 4155 1292 4213 al.

280 4241 354 4299 Illuc
373 4241 471 4316 igitur,
493 4239 544 4297 ubi
559 4237 735 4315 colloquium
749 4236 862 4314 Olymp.
878 4241 927 4307 93,
943 4242 970 4294 4.
986 4236 1176 4311 assignamus,
1198 4238 1293 4297 locum

280 4323 363 4382 illum
382 4346 409 4401 p.
434 4330 502 4384 319.
524 4327 560 4382 A.
581 4323 741 4381 referamus
762 4340 879 4380 neeesse
908 4326 961 4380 cst.
1003 4323 1066 4380 Nec
1085 4342 1156 4382 vero
1184 4323 1292 4383 intelli-

281 4409 384 4482 gimus,
405 4430 455 4467 cur
468 4410 497 4467 id
512 4409 576 4466 fieri
596 4427 655 4466 non
675 4426 758 4483 posse
778 4405 986 4466 existimemus.
1013 4407 1090 4465 Nam
1104 4408 1294 4470 maturiorem
