3242 5259
392 622 451 678 110
800 616 997 676 Ριιιοιιιι
1082 576 1094 599 ”

390 781 425 846 έκ
452 784 517 844 τῶν
547 780 762 861 δημιουργῶν.
814 781 890 842 Ere.
912 779 1047 861 Λέγεται
1075 785 1195 851 ταῦτα,
1225 769 1405 861 ὦΓοργλα,

389 878 461 961 περὶ
484 872 748 959 Θεμιστοκλέους·
780 874 977 959 Περικλέους
1004 875 1038 939 δέ
1065 875 1120 941 καὶ
1146 877 1244 951 αὐτὸς
1272 881 1406 959 ἤκουον,

389 976 440 1041 ὅτε
471 975 706 1057 συνεβούλευεν
739 973 818 1057 ἡμῖν
853 974 925 1054 περὶ
953 983 1013 1038 τοῦ
1048 973 1102 1038 διὰ
1136 971 1238 1056 μέσου
1271 976 1404 1058 τείχους.

303 1073 366 1138 456
389 1076 482 1138 ΓΟΡ.
517 1073 581 1136 Καὶ
610 1071 689 1136 ὅταν
707 1069 744 1153 γέ
772 1095 820 1147 τις
840 1073 960 1153 αἵρεσις
979 1067 1001 1152 ᾗ
1022 1059 1070 1135 ὧν
1099 1069 1139 1154 δὴ
1159 1072 1200 1137 σὺ
1221 1068 1352 1155 Ιέλεγιρ,
1380 1065 1406 1137 ὦ

389 1173 570 1253 Σώκρατες,
590 1169 678 1252 ὁρᾷς,
701 1165 750 1232 ὅτι
771 1169 803 1233 ολ
823 1168 954 1251 ῥήτορές
980 1170 1059 1232 εἰσιν
1080 1169 1113 1233 οἱ
1131 1171 1408 1253 συμβουλεύοντες

388 1269 441 1334 καὶ
462 1269 664 1342 οἱνικῶντες
685 1266 741 1342 τὰς
761 1269 892 1349 γνώμας
912 1266 1139 1349 περὶτούτων.
1182 1269 1262 1331 Est.
1298 1272 1406 1333 Ταῦτα

388 1366 442 1430 καὶ
461 1366 650 1445 θαυμάζων,
673 1356 698 1427 ὦ
720 1366 853 1445 Γοργία,
874 1366 972 1428 πάλαι
992 1363 1116 1445 ἐρωτῶ,
1144 1367 1192 1442 τίς
1211 1387 1290 1430 ποτε
1310 1366 1333 1449 ἦ
1352 1367 1406 1430 δύ-

388 1465 483 1544 ναμίς
504 1460 569 1526 ἐστι
589 1471 645 1545 τῆς
666 1461 845 1544 ῥητορικῆς.
867 1463 1018 1544 δαιμονία
1038 1465 1101 1545 γολρ
1120 1486 1168 1538 τις
1185 1464 1405 1545 έμοιγεκατα-

389 1559 594 1643 φαίνεταιτὸ
615 1559 752 1643 μέγεθος
773 1559 858 1626 οὕτω
880 1570 1064 1625 σκοποῦντι.

439 1747 467 1795 Ρ.
485 1737 584 1796 456.
562 1747 605 1794 ὠν
627 1743 663 1810 δὴ
683 1743 719 1794 σὺ
743 1743 860 1812 ἔλεγες]
883 1744 951 1794 Edit.
969 1745 1029 1793 Bas.
1047 1742 1071 1794 2.
1095 1735 1134 1793 ὦν
1160 1748 1209 1794 νῦν
1232 1735 1267 1793 αὖ
1296 1742 1330 1794 σὺ
1351 1745 1405 1794 ἕλι-

388 1830 440 1896 γει.
474 1814 596 1863 Ficinus:
615 1828 695 1878 quas
712 1818 747 1862 tu
763 1813 853 1864 modo
871 1811 1050 1863 referebas
1082 1811 1191 1862 anetur
1208 1811 1292 1877 rgrtur
1308 1811 1405 1879 legisse

390 1873 427 1930 ὦν
447 1879 547 1946 νῦνδὴ
566 1880 599 1930 σν
609 1882 709 1964 ἔλεγες.

440 1952 487 2000 τίς
505 1965 581 1998 ποτε
600 1968 615 2014 η
609 1943 784 2015 ’δυναμις]
809 1947 853 1999 Sic
869 1948 928 1999 Par
945 1949 966 1999 I.
986 1953 1012 1998 et
1033 1962 1128 1997 novem
1145 1947 1291 1999 Florentini
1314 1948 1408 1999 nostri

388 2016 467 2067 Editt.
485 2032 575 2067 omnes
594 2015 654 2082 ἣτις.

424 2183 627 2250 Περικλέους
645 2182 679 2234 δέ
696 2186 749 2235 καλ
768 2180 870 2236 αὐτὸς
921 2184 1188 2248 rer'xrpmcmoraverit,
1205 2183 1328 2234 videntur
1338 2183 1406 2236 haee

391 2250 514 2319 ἤκουον
530 2252 605 2319 -],‚
608 2254 727 2303 Mortuus
744 2258 784 2303 est
799 2253 871 2302 Peri·
921 2253 978 2317 ipsa
998 2250 1169 2317 intelligenda
1194 2267 1252 2302 osse
1281 2251 1333 2304 duo
1357 2252 1407 2302 illa

389 2323 451 2384 cles,
469 2337 549 2386 quum
561 2322 679 2372 Socrates
692 2322 793 2371 circiter
809 2336 872 2384 qua-
921 2335 989 2370 murr
981 2318 1125 2371 bracchia
1137 2335 1153 2369 a
1165 2319 1243 2370 Livio
1253 2326 1407 2384 memorata,

389 2359 508 2456 draginta
546 2405 628 2440 annos
668 2393 744 2439 natus
779 2387 870 2438 esset.'‘
921 2402 987 2451 quea
1010 2389 1147 2438 Piraeeum
1168 2388 1228 2437 urbi
1251 2388 1407 2454 iungebant.

387 2458 518 2508 ROUTH.
533 2457 690 2509 scholiastes
700 2456 868 2506 Clerkianus:
921 2457 963 2504 Ex
973 2455 1014 2505 his
1024 2461 1110 2505 autom
1122 2454 1241 2518 alterum,
1253 2456 1324 2521 quod
1334 2456 1406 2508 letus

388 2521 556 2591 ἀρχαιότεροι
587 2525 756 2590 Θεμιστοκλῆς
789 2523 869 2585 Περι·
921 2523 1025 2573 boreale
1047 2525 1166 2589 tegebat,
1192 2525 1264 2589 prius
1287 2530 1342 2574 erat
1360 2541 1405 2575 ex·

388 2592 479 2646 κλέουι
496 2594 562 2643 ἔτεσι
584 2596 685 2643 πλείοσι
706 2597 758 2642 τῶν
776 2592 869 2657 κιντή-
921 2596 1046 2641 structum
1057 2592 1167 2655 ideoque
1176 2591 1254 2642 valde
1265 2593 1406 2656 munitum,

388 2678 476 2711 κοντα.
509 2662 549 2712 De
572 2659 615 2710 ὅτε
632 2665 691 2726 post
711 2657 809 2726 ἢκουον
825 2674 870 2723 po·
920 2659 1029 2709 ultorum
1052 2675 1085 2708 ex
1108 2660 1196 2709 altera
1219 2664 1294 2725 parte
1315 2665 1409 2726 posteo

388 2727 438 2778 sito
456 2745 481 2777 ι,
492 2729 601 2793 interpp.
620 2727 652 2776 ad
670 2729 759 2793 Eurip.
767 2728 869 2776 Hecub.
920 2726 1038 2776 additum
1050 2742 1080 2777 ao
1093 2729 1179 2777 minus
1189 2726 1321 2778 firmatum
1331 2743 1408 2792 pree-

387 2811 412 2844 v
431 2794 489 2846 108.
515 2795 609 2846 Latine
630 2797 692 2844 item
709 2795 794 2844 dicas.
819 2810 869 2847 au·
920 2793 994 2858 sidio,
1012 2795 1073 2859 quie
1090 2800 1250 2845 commeatus
1271 2796 1408 2847 meridiem

388 2862 459 2911 divi
468 2879 587 2926 ,quum
604 2862 741 2912 diceret
919 2878 1010 2912 versus
1027 2865 1080 2912 iam
1096 2862 1233 2913 Phalerico
1256 2879 1346 2927 muro,
1373 2865 1408 2915 erl

423 2930 500 2993 περὶ
525 2935 581 2980 τοῦ
605 2928 655 2980 διὰ
679 2928 782 2989 μέσον
807 2931 868 2978 τει-
919 2931 1230 3010 septemtrionemautom
1245 2947 1320 2981 muro
1337 2933 1407 2982 enti·

388 2997 492 3080 γους]
492 2997 592 3048 fichol:
617 2993 670 3047 Διὰ
687 2996 768 3057 μέσον
786 3003 868 3059 τεῖχος
920 2999 1009 3063 quiere
1020 2999 1167 3048 Piraeeum
1177 3005 1281 3064 portum
1293 2999 1406 3051 ducente

387 3061 492 3149 le'yro‘¹
479 3084 493 3115 o
517 3061 598 3115 καλ”
582 3081 639 3128 αχρτ
669 3070 719 3114 νῦν
742 3063 814 3114 ἐστιν
838 3062 869 3113 ἐν
919 3067 982 3115 sutis
1006 3065 1407 3119 custoditusvidebetur.1tu·

387 3128 494 3182 Ἑλλάδι.
526 3131 557 3182 ἐι
587 3138 616 3216 τῇ
646 3133 786 3198 Μουνυχίᾳ
816 3127 867 3214 γὰρ
920 3130 1404 3197 (μιοτὸδτὰμέσονιεῖχοιιιΙιθιιιιιι

389 3199 496 3264 ἐποίησε
520 3197 822 3264 καλτὸμέοονττῑχοι,
841 3198 869 3250 τὸ
919 3201 1002 3250 muri
1041 3202 1177 3252 Piraeei
1209 3200 1405 3254 bracchium

387 3265 652 3420 ilvrlililffl
628 3287 673 3396 t?
690 3272 810 3420 {titt
824 3285 869 3383 ..λ’
919 3268 1405 3402 tillmtilllltslllltlt

387 3405 519 3486 ταβληθῇ
560 3401 587 3454 τὸ
625 3400 685 3454 ἄλλο
726 3399 868 3469 ὖπηρετοιή
918 3404 1028 3455 leticum
1039 3405 1211 3467 interiectum,
1228 3421 1287 3455 cum
1300 3406 1405 3457 Piracei

387 3468 445 3536 ἄχρι
468 3477 514 3523 τοῦ
538 3474 641 3523 πολλου
680 3473 868 3555 ”Harpoore
918 3473 1079 3522 munimento
1100 3473 1137 3523 ita
1160 3473 1345 3536 coniunctum,
1375 3481 1405 3525 ut

387 3541 458 3589 tion
475 3556 496 3590 s.
506 3557 545 3590 a:
571 3534 690 3604 Τριῶν”
676 3557 763 3588 οντων
780 3544 869 3603 τειχῶν
918 3546 1028 3606 utraque
1058 3538 1184 3591 bracchia
1219 3556 1301 3590 unum
1336 3558 1404 3607 opus

387 3605 418 3655 ἐν
436 3612 465 3673 τῇ
482 3604 625 3673 Ἀττικῇ-
642 3613 687 3657 τοῦ
706 3624 732 3656 τι
749 3607 867 3672 Βορττου
919 3608 1075 3659 conficerent
1103 3608 1212 3673 ideoque
1234 3625 1309 3659 muro
1333 3610 1404 3661 Pha-

387 3676 429 3725 καλ
440 3692 484 3724 του
474 3673 594 3725 Νοτίου
609 3678 651 3725 καὶ
664 3693 709 3726 του
698 3675 868 3758 Φαληρικοῦ
918 3676 998 3727 lerico
1010 3683 1217 3760 opponerentur,
1244 3682 1322 3741 atque
1340 3678 1404 3729 ulte-

387 3770 421 3779 -
439 3739 481 3791 διὰ
500 3740 581 3825 μέσον
605 3739 703 3793 τούτων
722 3741 862 3825 ἐλέγετο
840 3760 867 3792 το
918 3760 974 3794 rum
982 3742 1100 3809 βορειον
1108 3743 1405 3796 alterumctiamadMu·

388 3807 495 3869 Νότιον,
502 3802 534 3859 οὗ
544 3807 869 3876 μνημονεύιικαλΠλάτων
919 3812 1034 3862 nichium
1046 3827 1199 3877 procurrens
1216 3809 1304 3862 νότιον
1314 3813 1404 3878 appel·

387 3877 418 3927 ἐν
443 3878 551 3943 Γοργτᾳ.
598 3878 773 3930 consideratis
801 3877 868 3928 locis
918 3880 1027 3941 latetur,
1060 3896 1226 3945 quamquam,
1255 3880 1333 3929 sicuti
1361 3897 1404 3931 res

388 3946 503 4011 'lhucy
508 3945 578 4009 en,
590 3945 630 3999 13
644 3953 670 3996 et
685 3945 779 3996 Livii
795 3945 867 3995 Libr.
917 3948 976 4028 ipsa
991 3945 1061 4008 tulit,
1077 3947 1127 3998 hoc
1144 3946 1249 4012 quidem
1270 3949 1349 3998 etiam
1373 3947 1402 3999 τὸ

386 3962 503 4063 XXXI.y
501 4030 521 4063 c
539 3983 589 4076 26,
606 4014 652 4063 ubi
669 4027 793 4063 murum
816 4028 867 4062 me·
918 4011 961 4063 διὰ
984 4011 1065 4073 μέσον
1096 4022 1178 4079 τεῖχος
1201 4021 1324 4066 vocatum
1355 4022 1402 4067 est

386 4079 867 4145 morat,qu1duobusbraooh11s
918 4081 1018 4131 Caussa
1040 4086 1139 4146 autem,
1168 4097 1215 4132 cur
1237 4098 1328 4134 murus
1355 4085 1402 4135 ille

385 4150 564 4199 Piraeeum
581 4149 719 4199 Athonis
743 4147 867 4213 iungit,
917 4147 1018 4198 medius
1040 4156 1186 4201 exstructus
1208 4152 1256 4212 sit,
1288 4152 1403 4202 ascho-

387 4216 419 4266 de
436 4233 463 4266 re
480 4215 558 4266 valde
569 4216 649 4266 (lubia
666 4221 692 4266 et
703 4220 868 4266 controversa
917 4216 995 4265 liasta
1012 4218 1076 4266 satis
1100 4219 1268 4304 probabiliter
1285 4219 1402 4270 indicata

386 4283 424 4332 sic
446 4283 549 4334 videtur
573 4283 774 4334 existimandum
802 4298 866 4336 esse.
917 4289 957 4334 est
973 4285 1075 4334 vorbis:
1098 4282 1140 4344 ἵν’,
1166 4284 1239 4334 al
1215 4304 1242 4335 το
1266 4286 1298 4335 ἓν
1324 4306 1399 4337 κατα-

385 4350 553 4414 Thucydrdes
564 4367 643 4416 quum
653 4356 755 4434 praeter
765 4367 867 4400 murum
918 4350 1038 4416 βληθῇκ.
1051 4353 1104 4401 τλ.
1128 4352 1204 4415 Quod
1219 4359 1307 4404 autem
1323 4355 1401 4406 hodie

385 4415 551 4468 Phalericum
586 4419 693 4484 insuper
716 4414 745 4469 τὰ
780 4416 867 4483 μακρὰ
916 4418 1026 4470 duorum
1042 4425 1142 4471 tentum
1153 4436 1286 4471 murorum
1303 4438 1320 4472 a
1333 4424 1401 4473 mari
