3242 5259
498 618 680 681 GORGIAS.
702 622 736 681 P.
762 624 833 680 476.
856 624 902 681 ed.
925 623 968 682 St.
1181 624 1239 683 177

216 779 356 860 πάσχον,
380 775 399 842 ὃ
419 780 456 843 τὸ
477 787 597 845 ποιοῦν
613 786 710 858 ποιεῖ,
732 781 784 845 καὶ
806 793 974 859 τοιοῦτον,
1004 777 1077 848 οἷον
1098 791 1185 848 ποιεῖ
1202 787 1239 850 τὸ

215 879 357 951 ποιούνς
386 875 469 957 λέγω
500 877 591 943 δὲτὸ
612 881 755 944 τοιόνδε·
786 881 817 943 εἴ
841 903 888 955 τις
908 883 1036 951 τύπτει,
1064 881 1188 964 ἀνάγκη
1209 907 1238 946 τι

216 974 415 1048 τύπτεσθαις
438 978 544 1038 flur.
565 971 718 1060 Ἀνάγκη.
749 980 823 1040 Σόδ.
848 976 914 1040 Καὶ
937 978 963 1041 εἰ
982 979 1110 1059 σφόδρα
1128 982 1238 1044 τύπτει
1299 1051 1302 1056 ,

213 1070 234 1152 ἢ
255 1069 338 1153 ταχύ
359 1070 378 1134 ό
398 1073 545 1148 τύπτων,
576 1073 660 1138 οὕτω
680 1073 790 1139 καὶτὸ
811 1076 1014 1155 τυπτόμενον
1040 1077 1235 1153 τύπτεσθαις
1260 1091 1288 1157 0

218 1171 328 1233 ΠόδΛ.
362 1170 439 1231 Nat.
482 1172 555 1251 zu„
592 1174 750 1235 Τοιοῦτον
771 1176 835 1253 ἄρα
855 1175 963 1246 πάθος
982 1176 1027 1256 τῷ
1047 1172 1237 1260 τυπτομένῳ

215 1262 313 1343 ἐστίν,
336 1257 408 1330 οἷον
430 1266 471 1329 ἂν
491 1267 528 1330 τδ
548 1267 671 1332 τύπτον
692 1279 784 1350 ποιῇς
827 1272 932 1332 nur.
958 1271 1054 1332 Πάνυ
1073 1292 1118 1352 γε.
1161 1275 1234 1335 Est.

219 1364 353 1427 Ούιιούν
374 1363 427 1426 καὶ
456 1364 485 1427 εἰ
504 1365 587 1428 ναίει
615 1387 679 1440 τις,
709 1367 834 1448 α’νύγκη
860 1390 890 1430 τι
918 1367 1085 1444 ualentiam
1130 1371 1234 1433 ΠΩΛ.

218 1463 296 1534 Πῶς
316 1459 380 1541 γδιρ
400 1465 456 1537 ού,·
487 1464 560 1525 zu.
585 1463 651 1525 Kal
672 1463 699 1525 ελ
720 1463 849 1543 σφόδρα
870 1486 905 1545 γε
927 1465 1008 1527 καίει
1028 1463 1048 1546 ἢ
1070 1466 1234 1547 ἀλγεινῶς,

214 1556 301 1620 οὕτω
331 1559 481 1623 καίεσθαι
509 1563 546 1623 τὸ
576 1562 769 1642 καιόμενον,
801 1562 845 1635 ὡς
873 1561 914 1623 ἂν
943 1558 980 1624 τό
1019 1567 1115 1624 καῖον
1144 1566 1236 1647 noim

220 1656 328 1717 ΠΩΛ.
352 1659 450 1719 Πύνν
471 1677 515 1738 γε.
540 1659 614 1721 zu.
635 1659 766 1721 Ούαοῠν
785 1656 840 1721 καὶ
861 1659 888 1721 εἰ
902 1655 1008 1740 τέμνει
1020 1681 1077 1735 τις,
1098 1658 1117 1722 ό
1138 1660 1237 1736 αὐτὸς
1326 1719 1332 1729 .

215 1754 331 1835 λόγος,·
351 1754 497 1836 τέμνεται
517 1755 579 1836 γάρ
600 1777 639 1819 τι.
673 1757 780 1818 ΠΩΛ.
803 1756 881 1818 Ναί.
921 1757 995 1818 zu.
1020 1754 1085 1819 Καὶ
1106 1758 1134 1819 ελ
1156 1756 1237 1839 μέγα

216 1872 251 1932 γε
273 1851 294 1933 ἢ
317 1849 408 1932 aaut
438 1850 474 1915 τὸ
494 1852 642 1934 τμῆμαῆ
673 1852 841 1934 ἀλγεινόν,
883 1857 1035 1915 τοιοῦτον
1061 1864 1170 1937 τμῆμα
1189 1854 1235 1918 τέ·
1267 1871 1298 1934 1)

218 1969 330 2030 μνεται
357 1950 393 2013 τὸ
420 1950 635 2030 τεμνόμενον,
665 1942 737 2013 οέον
764 1952 801 2013 τὸ
831 1947 947 2030 τέμνον
974 1946 1098 2031 τέμνεις
1128 1955 1234 2015 flur.

220 2046 381 2109 Φαίνεται.
423 2048 497 2109 zu.
519 2047 716 2128 Συλλήβδην
736 2046 776 2128 δὴ
797 2046 869 2128 ὅρα,
891 2047 917 2108 εἰ
938 2046 1104 2129 ὁμολογεῖς
1124 2051 1142 2111 ὃ
1163 2054 1235 2128 ἄρτι

217 2141 327 2224 ἔλεγον
348 2142 419 2224 περὶ
440 2144 589 2206 πάντων·
619 2137 692 2207 οἷον
712 2143 753 2208 ἂν
774 2153 852 2226 ποιῇ
872 2146 908 2207 τὸ
930 2155 1065 2222 ποιοῦν,
1087 2156 1235 2210 τοιοῦτον

216 2242 251 2305 τὸ
273 2241 398 2323 πάσχον
418 2242 559 2323 πάσχειν.
584 2244 690 2304 ΠΩΛ.
709 2233 795 2303 Ἀλλ’
819 2241 976 2323 ὁμολογῶ.
1002 2245 1074 2305 zu.
1102 2245 1234 2308 Τούτων

215 2337 254 2420 δὴ
276 2337 566 2420 ὁμολογουμένων,
595 2338 632 2401 τὸ
661 2338 755 2420 δίκην
782 2339 908 2403 διδόναι
935 2340 1074 2420 πότερον
1101 2341 1234 2422 πύοχειν

264 2549 295 2598 C.
315 2548 474 2598 Τοιοῦτον
499 2544 561 2609 ἄρα
584 2543 703 2613 πόθον]
730 2549 761 2597 V.
781 2545 818 2597 Τὸ
838 2553 956 2598 τοιοῦτον
974 2545 1025 2613 ἄρα
1044 2567 1069 2598 π.
1087 2549 1232 2600 Articulum

216 2616 276 2666 libri
293 2631 354 2666 mss.
373 2631 461 2666 omnes
479 2617 601 2666 omittunt
617 2621 720 2679 praeter
737 2617 795 2665 Par.
814 2617 870 2665 EF.
889 2616 958 2666 Flor.
976 2617 994 2666 f.
1012 2633 1032 2669 s.

264 2682 298 2733 al
314 2685 400 2732 ualet
418 2681 472 2750 ur]
491 2681 548 2732 κάει
565 2688 591 2733 et
608 2680 720 2734 κάεσθαι
737 2684 803 2733 Vcn.
824 2681 884 2733 ΣΞ.
898 2683 976 2734 Vind.
993 2682 1017 2734 2.
1036 2681 1059 2735 7.
1072 2685 1139 2749 Aug.
1157 2683 1231 2737 Bodl.

215 2768 271 2800 cum
290 2750 332 2800 ed.
348 2752 407 2803 Bao.
426 2749 450 2800 2.
484 2751 528 2801 Sio
546 2752 624 2800 etiarn
641 2752 669 2800 in
686 2751 820 2816 proximus.

268 2815 405 2868 Ούκούν
423 2819 475 2867 καλ
495 2817 530 2868 sl
546 2817 654 2878 τέμνει
674 2816 728 2884 τις]
763 2819 807 2867 Sic
826 2817 898 2868 Stob.
916 2818 986 2871 Flor.
1005 2834 1028 2868 a.
1047 2818 1071 2869 d.
1089 2834 1110 2868 s.
1145 2819 1232 2884 Vulgo

216 2905 243 2945 τι,
263 2887 334 2950 quod
351 2886 458 2935 retinuit
474 2886 586 2936 Bekker.

264 2955 298 3003 D.
318 2948 394 3003 οἷον
416 2950 457 3002 ἂν
480 2956 556 3019 ποιῇ
582 2952 614 3002 τὸ
640 2951 772 3016 ποιοῦν]
798 2953 867 3003 Flos.
886 2970 912 3005 x.
939 2961 964 3002 et
986 2952 1025 3004 cd.
1043 2954 1102 3003 Bas.
1120 2952 1144 3003 2.
1172 2949 1232 3002 οἷον

211 3018 243 3070 ἄν
261 3040 283 3070 τι
302 3025 363 3086 ποιῇ
380 3016 408 3070 τὸ
427 3038 452 3070 π.
486 3020 537 3071 Sed
554 3021 604 3070 isto
626 3039 647 3069 τι
670 3027 779 3071 nonest
804 3036 883 3086 opus,
907 3037 985 3084 quum
1003 3036 1095 3070 sensns
1119 3020 1161 3069 hic
1185 3022 1230 3070 sit:

213 3088 315 3154 quale
339 3089 452 3151 estid,
475 3088 557 3154 quod
581 3088 708 3138 efficax
732 3093 795 3150 est,
819 3095 849 3138 ut
866 3095 952 3138 ποιεῖν
976 3089 1032 3139 sine
1050 3104 1113 3139 casu
1136 3090 1231 3139 obiecti

213 3158 328 3222 positum
346 3157 388 3208 sit.

214 3323 323 3388 πάσχων
355 3323 397 3372 καὶ
428 3322 545 3388 παρέχων
573 3327 698 3384 τιμωρίαν
748 3322 859 3386 ideoque
876 3340 943 3386 eum,
961 3324 1006 3386 qni
1023 3324 1175 3387 castigetur,
1193 3325 1231 3371 iu-

213 3385 292 3459 ἧτιον
309 3387 471 3454 ἀθλαύωρός
495 3389 549 3440 iou
572 3396 617 3441 τοῦ
639 3387 697 3441 όδι-
749 3396 789 3440 ets
806 3392 868 3454 pati.
886 3392 927 3440 Ex
945 3406 995 3455 quo
1014 3390 1153 3454 colligitur,
1171 3392 1231 3454 quia

212 3465 324 3511 κοδντος
336 3457 395 3519 μένᾸ
411 3455 494 3523 μηδὲν
508 3458 537 3509 δὲ
550 3455 697 3519 ὑπομένον·
748 3474 828 3522 supra
844 3474 868 3523 p.
887 3456 945 3509 475.
963 3459 990 3507 Β.
1009 3463 1034 3507 ct
1051 3455 1109 3508 476.
1125 3458 1153 3506 Β.
1172 3473 1230 3506 con-

212 3546 263 3583 τος.
283 3523 337 3577 ἀλλ’
355 3522 397 3575 cisi
415 3523 574 3579 ἀδικοῦντος.
599 3523 698 3575 τούτων
749 3541 852 3575 cessum
869 3532 908 3575 est
925 3527 1015 3575 iusta
1031 3540 1087 3575 esse
1104 3525 1231 3589 pulcra,

213 3599 307 3645 τοίνυν
320 3591 348 3644 τὸ
359 3593 410 3654 μέν
420 3590 551 3657 πρότερον
562 3591 697 3650 δέδεικται,
749 3598 775 3642 ct
798 3594 967 3658 castigantem
983 3585 1077 3647 'facere
1105 3599 1130 3643 ct
1155 3593 1231 3642 casti-

214 3669 265 3712 νῦν
290 3661 320 3712 δὲ
338 3658 366 3711 τό
389 3658 517 3725 δεύτερον
539 3656 697 3711 aasumensi·
748 3665 837 3726 gatum
859 3662 915 3725 pati
949 3660 1073 3725 pulcra.
1108 3660 1231 3711 Pulcra

212 3732 291 3793 ζεται.
318 3731 406 3779 Recte.
430 3727 535 3779 Iuvabit
559 3733 644 3779 autem
661 3733 698 3777 te·
749 3734 835 3777 antem
848 3729 909 3776 item
927 3727 1011 3778 bona
1028 3744 1086 3778 esse
1094 3731 1127 3792 (v.
1136 3744 1161 3792 p.
1171 3725 1229 3780 475.

211 3798 302 3848 nuisse
316 3797 450 3862 proximae
465 3796 697 3862 argumentationis
748 3795 787 3859 B.)
800 3796 862 3859 quia
873 3796 962 3860 liquet,
981 3797 1149 3861 consequitur
1161 3811 1229 3855 cum,

210 3867 281 3916 viam
311 3868 337 3914 et
370 3865 496 3915 rationem
530 3879 586 3914 esse
621 3864 696 3915 hanc.
748 3863 793 3928 qui
803 3878 902 3927 poenas
916 3863 967 3927 det,
985 3864 1140 3928 bonapati,
1157 3878 1230 3927 prae-

211 3934 329 3982 Primum
346 3932 425 3997 igitur
451 3930 478 3982 τὸ
502 3928 605 3981 διδόναι
623 3929 698 3996 δίκην
748 3931 836 3980 sertim
853 3947 931 3996 quum
954 3933 1055 3982 animi
1078 3931 1146 3982 malo
1166 3929 1230 3980 libe-

210 4007 236 4050 at
261 3996 290 4050 τό
316 3995 458 4050 ἀδικοῦντα
488 3997 594 4051 δικαίων
620 3996 696 4048 κολά·
748 4004 825 4051 retur.

212 4069 309 4131 ζεοθαι
337 4066 406 4117 idern
438 4067 585 4132 significare
612 4071 697 4116 osten·
781 4066 844 4130 Cap.
879 4065 990 4115 XXXII.
1024 4067 1056 4115 D.
1094 4062 1230 4115 Τούτων

210 4135 280 4186 ditur
296 4133 414 4200 adeoque
432 4136 554 4185 continno
577 4133 697 4184 admone-
748 4129 788 4198 δὴ
806 4127 1098 4198 ὁμολογουμένων]
1125 4132 1229 4193 Quum

209 4209 252 4252 tur
285 4202 410 4261 iustum
444 4202 696 4267 etiam-pulcrum
747 4201 853 4266 igitur
887 4200 926 4248 dc
961 4199 1013 4249 his
1048 4200 1136 4248 inter
1170 4215 1229 4249 nos

210 4285 268 4321 essu
292 4271 327 4336 (p.
344 4268 402 4321 476.
420 4269 470 4331 Α.).
506 4272 573 4320 Tum
596 4284 658 4319 vero
682 4285 696 4318 e
747 4268 937 4318 conveniat.
973 4268 1077 4328 Monui‚
1107 4283 1140 4315 nc
1171 4268 1230 4329 quis

210 4353 238 4388 rs
254 4337 314 4402 ipsa
330 4336 437 4388 docetur
454 4352 521 4399 cnm,
545 4338 589 4402 qui
607 4342 696 4386 recte
747 4330 959 4399 τόμολογημένων
991 4335 1109 4399 corrigat.
1144 4350 1167 4382 v.
1196 4334 1229 4383 ad

210 4405 335 4472 castiget,
357 4406 436 4455 etiam
462 4405 549 4456 inste
567 4405 696 4469 castigare
747 4403 847 4453 Criton.
866 4419 892 4466 p.
908 4400 949 4451 48.
968 4403 995 4450 B.

260 4479 488 4556 moveram
502 4505 560 4546 aas
573 4506 591 4545 1.
994 4500 1027 4552 12
