3242 5259
517 582 699 642 GORGIAS.
723 586 756 644 P.
780 590 850 644 458.
874 592 943 645 459.
966 589 1011 647 ed.
1034 590 1076 650 St.
1243 599 1301 655 119

282 742 332 824 δή,
357 729 383 804 ώ
406 745 542 824 Γοργία,
572 748 593 809 6
614 747 770 828 θαυμάζω
792 744 828 810 ἓν
848 754 916 822 τοῖς
935 749 1119 833 λεγομένοις
1139 750 1203 816 ὑπὸ
1226 767 1302 818 σοῦ·

282 839 361 914 ἴσως
389 842 452 920 γάρ
480 865 530 906 τοι
550 850 611 907 σοῦ
633 843 740 924 όρθώς
760 843 911 926 λέγοντος
931 846 992 929 ἐγὼ
1013 841 1074 912 οὐκ
1093 849 1202 930 όρθώς
1222 854 1302 917 ῦπο·

282 940 448 1020 λαμβάνω.
479 940 650 1023 ῥητορικόν
679 938 744 1024 669
771 949 876 1006 ποιεῖν
904 938 973 1020 οἷός
999 939 1026 1008 τ’
1049 941 1150 1022 εἰναι.
1179 946 1235 1012 εὀίν
1255 973 1302 1024 τις

283 1037 441 1119 βούληται
456 1038 543 1119 παρὰ
558 1049 618 1102 σοῦ
633 1042 830 1121 μαυθνίνεινς
852 1045 883 1104 Γ
884 1044 947 1106 ΟΡ.
962 1045 1038 1108 Ναί.
1065 1048 1144 1108 Σόί.
1170 1048 1301 1112 Οὐκοῦν

280 1132 353 1215 περὶ
368 1137 501 1200 πάντων
518 1131 589 1211 ώςτ’
613 1135 648 1200 ἐν
664 1141 746 1223 ὄχλῳ
762 1140 906 1212 πιθανὸν
922 1135 1014 1218 εἶναι,
1036 1143 1076 1206 06
1096 1144 1299 1224 διδάσκοντα,

281 1232 362 1297 α’λλδι
392 1234 569 1311 πείθοντας
608 1239 639 1298 Γ
637 1238 700 1299 OP.
734 1239 831 1299 Πάνυ
859 1237 917 1318 μὲν
946 1232 1016 1301 οὖν.
1064 1243 1142 1303 Σόδ.
1171 1235 1300 1325 ’Ἐλεγες
1320 1247 1382 1312 459

280 1331 398 1394 τοίνυν
417 1330 475 1414 δὴ,
506 1328 555 1396 ὅτι
582 1333 636 1397 οιαὶ
656 1333 727 1412 περὶ
747 1345 806 1397 τοῦ
827 1335 971 1417 ὑγιεινοῦ
992 1347 1050 1400 τοῦ
1070 1339 1182 1418 ἰατροῦ
1203 1346 1298 1404 πιθα-

280 1429 422 1508 νώτερος
450 1426 535 1493 ἔσται
555 1431 574 1494 6
595 1430 710 1514 ῥήτωρ.
752 1436 782 1495 Γ
784 1434 849 1495 ΟΡ.
881 1434 946 1495 Καὶ
966 1433 1028 1515 γὰρ
1049 1432 1176 1517 ἔλεγον.
1206 1434 1241 1500 ἓν
1261 1460 1297 1519 γε

281 1527 370 1608 ὄχλῳ.
413 1529 487 1590 Σόδ.
520 1529 652 1592 Οὐκοῦν
672 1531 707 1592 τὸ
730 1527 765 1593 ἐν
786 1533 868 1615 ὄχλῳ
888 1533 984 1596 τοῦτό
1006 1533 1092 1597 ἐστιν
1113 1533 1234 1609 ἐντοῖς
1253 1535 1297 1618 μὴ

280 1623 416 1701 εἰδόσιν,Ι
454 1625 494 1688 06
529 1625 591 1707 γὰρ
618 1627 724 1709 δήπου
752 1624 787 1690 ἔν
815 1651 851 1709 γε
878 1635 945 1703 τοῖς
973 1631 1071 1694 εἰδόσι
1098 1639 1158 1696 τοῦ
1184 1634 1296 1713 ἰατροῦ

280 1724 502 1803 πιθανώτερος
522 1719 616 1787 ἔσται.
654 1728 749 1788 ΓΟΡ.
777 1720 897 1809 Ἀληθῆ
918 1724 1026 1808 λέγεις.
1061 1731 1137 1792 ΣΩ.
1164 1732 1297 1794 Οὐκοῦν

279 1819 367 1902 εἰπερ
388 1827 448 1885 τοῦ
470 1821 583 1902 ἰατροῦ
605 1825 826 1906 πιθανώτερος
846 1821 949 1902 ἔσται,
979 1837 1039 1891 τοῦ
1060 1827 1181 1902 εἰδότος
1201 1834 1295 1892 πιθα-

280 1917 419 1996 νώτερος
442 1919 605 2040 66yvawr‚·
642 1924 737 1984 ΓΟΡ.
769 1925 867 1986 Πάνυ
888 1945 931 2001 γε.
981 1927 1059 1990 Est.
1099 1927 1169 1989 Οῦκ
1188 1926 1296 2008 ἰατρός

278 2037 312 2096 γε
341 2018 405 2078 ώυ
434 2011 561 2098 ἦγόρς
598 2022 691 2082 ΓΟΡ
722 2022 799 2084 Ναί
841 2023 919 2086 Σόί,
951 2014 1044 2085 ‘066
1064 2023 1107 2105 μὴ
1131 2024 1239 2104 ἰατρός
1259 2023 1344 2105 γεΒ

278 2115 419 2196 δήπου’
399 2118 624 2199 ανεπιστήμων
638 2141 717 2182 urvo
708 2117 873 2199 ἰατρὸς’
861 2123 1050 2202 επιστήμωυ.
1075 2125 1106 2184 Γ
1106 2124 1169 2184 ΟΡ
1183 2128 1295 2203 Δῆλον

281 2205 336 2274 ὅτι.
381 2215 459 2278 ΣΩ.
493 2207 531 2278 0
558 2216 618 2279 οὐκ
644 2215 776 2290 εἰδὼς”
755 2239 818 2297 αρα
839 2227 898 2281 τοῦ
917 2217 1072 2293 εἰδότος’
1060 2242 1096 2282 εν
1116 2220 1177 2282 οὐκ
1197 2219 1294 2283 εἰδόσι

279 2311 501 2390 πιθανώτερος
528 2307 679 2390 ἰ’“σται,
662 2337 741 2377 οταν
768 2314 786 2379 6
815 2314 919 2397 ῥήτωρ
940 2326 999 2379 τοῦ
1020 2317 1131 2397 ἰατροῦ
1152 2318 1293 2380 πιθανώ-

278 2429 368 2486 τερος
388 2403 421 2490 6
441 2419 537 2473 τοῦτο
558 2412 742 2492 συμβαίνει,
773 2412 892 2494 ἢᾶλλο
913 2435 959 2488 τις
997 2418 1092 2477 ΓΟΡ.
1121 2418 1223 2477 Τοῦτο
1245 2413 1293 2477 ἐν·

279 2508 388 2569 ταῦθιί
415 2528 451 2588 γε
482 2509 658 2589 συμβαίνει.
701 2513 778 2573 Σόδ.
803 2511 934 2574 Οὐκοῦν
954 2510 1006 2574 καὶ
1029 2511 1100 2592 περὶ
1121 2511 1176 2584 τδις
1197 2515 1294 2586 ἄλλας

280 2603 404 2679 νίπιίσας
433 2603 543 2687 τέχνας
570 2604 718 2679 ώςαύτως
745 2603 805 2688 ἔχει
834 2607 852 2669 6
882 2608 986 2689 ῥήτωρ
1008 2608 1061 2671 καὶ
1081 2609 1103 2692 6‘
1123 2609 1291 2693 ῥητορική·

280 2703 360 2766 αὐτὰ
387 2701 447 2784 μὲν
477 2701 515 2766 τδι
542 2705 712 2785 πράγματα
742 2703 838 2768 οῦδὲν
866 2705 916 2767 δεῖ
941 2702 1044 2787 αὐτὴν
1071 2704 1187 2769 εἰδέναι
1207 2701 1294 2780 ὅπως

327 2887 380 2938 καλ
405 2893 502 2937 ταῦτα
524 2884 624 2938 αὐτόν
646 2887 769 2955 ἐπαμμί
788 2890 830 2938 καὶ
849 2894 926 2939 ταῦτα
943 2905 992 2940 om.
1012 2889 1099 2943 Clark.
1118 2890 1197 2940 Goisl.
1215 2890 1293 2940 vind.

279 2955 301 3006 1.
315 2955 338 3007 6.
364 2958 425 3007 Par.
443 2956 560 3007 EFIW.
587 2956 657 3007 Flor.
676 2957 693 3010 f.
712 2973 732 3007 s.
758 2958 793 3007 Et
814 2963 898 3022 potest
921 2964 991 3009 recte
1014 2957 1114 3009 abesse.
1141 2958 1198 3009 Om.
1217 2961 1293 3008 Turr.

276 3025 362 3074 Herm.

325 3093 357 3142 E.
394 3090 495 3141 δοκεῖ
513 3090 673 3157 τουτοισί]
700 3092 731 3141 V.
750 3089 874 3152 τούτοισι,
893 3092 962 3157 quod
980 3108 1013 3143 ax
1030 3093 1131 3158 aliquot
1147 3093 1221 3143 libris
1239 3109 1293 3145 cor·

278 3161 341 3210 rexit
359 3159 472 3210 Bekker.

325 3230 356 3278 Ρ.
374 3225 434 3278 459.
464 3223 593 3308 Ελεμει
617 3231 734 3276 τοίνυν
758 3225 808 3294 66,
836 3225 899 3294 ὅτι]
926 3227 1018 3278 Malim
1041 3243 1099 3277 cum
1117 3228 1292 3279 Bekkero
1257 3247 1293 3278 τοι

279 3299 333 3356 νῦν,
352 3295 430 3379 quod
438 3295 550 3344 tamen
543 3311 571 3344 ιη
588 3294 662 3380 chd.
680 3311 733 3345 non
750 3302 887 3376 repertum.

325 3333 358 3413 Β.
388 3357 497 3413 οὐδὲν
515 3361 567 3413 δεῖ
581 3359 684 3430 αὐτὴν
702 3360 845 3428 είδεναι]
865 3362 1016 3429 Sybrandua
1034 3358 1117 3412 αὐτόν
1133 3363 1248 3426 requirit.

280 3532 392 3582 nescio
427 3547 467 3581 an
501 3546 573 3580 non.
628 3531 760 3581 Interdum
846 3529 1000 3584 ώεαῦιυς
1024 3525 1292 3611 6666-661066

279 3605 364 3651 tamen
399 3597 549 3649 dubitanter
582 3598 700 3649 affirmat.
734 3616 759 3650 v.
811 3596 863 3665 τιή·
881 3595 961 3649 αὐτὰ
979 3598 1037 3658 μὲν
1056 3593 1088 3646 τὰ
1107 3597 1171 3664 πρ]
1191 3599 1293 3648 Dahae

280 3668 364 3734 Sypm
383 3665 442 3718 916.
460 3668 490 3716 Ε.
517 3666 638 3717 Weisk.
660 3667 693 3716 ad
710 3667 760 3718 Xe
810 3672 940 3716 structura
963 3683 988 3715 v.
1010 3665 1084 3730 adp.
1101 3664 1159 3719 450.
1177 3667 1210 3716 A.
1242 3667 1293 3715 Pro

279 3737 354 3802 noph.
373 3735 468 3800 Cyrop.
485 3735 557 3796 VIII,
573 3733 598 3798 4,
615 3732 639 3786 8.
666 3737 760 3786 Hein·
811 3731 894 3800 αὐτὴν
926 3733 1120 3797 Sybrandus
1155 3733 1293 3800 legendum

279 3803 358 3854 dorf.
383 3802 416 3853 ud
440 3803 465 3852 h.
488 3803 506 3852 l.
532 3802 638 3854 Iacob.
660 3803 693 3853 ad
710 3804 760 3854 Lu·
810 3799 1019 3868 putabata6rdv,
1036 3802 1211 3866 quoniamhio
1228 3817 1293 3851 som·

280 3872 343 3922 ciun.
362 3873 458 3922 Toxar.
467 3887 496 3952 p.
507 3867 597 3922 84.-
564 3868 672 3935 -τὴν
691 3867 759 3937 ἡμὲ-
811 3886 857 3935 per
882 3869 913 3918 da
936 3877 1037 3921 oratore
1059 3874 1086 3918 et
1107 3885 1158 3918 non
1182 3870 1214 3918 de
1236 3870 1294 3919 rhe-

283 3957 343 4002 ραν
365 3937 474 4004 ὅλην
466 3955 483 3988 r.
501 3955 525 4003 q.
544 3936 607 3991 ὥστε
625 3937 686 4004 ὅλην
706 3937 760 3988 δια·
811 3939 892 3988 torica
909 3953 992 3987 sermo
1010 3953 1067 3988 esso
1084 3937 1209 3987 videatur.
1243 3937 1293 3986 Sed

279 4005 411 4092 γενέσθαι.
811 4006 914 4055 videtur
935 4006 1044 4090 scriptor
1066 4021 1137 4054 nune
1163 4006 1193 4054 de
1219 4004 1293 4054 indu·

310 4093 344 4124 το
360 4093 375 4141 6
409 4071 490 4136 ἐμὸν
508 4070 607 4125 οὐδὲν
624 4071 759 4158 κωλύει]
812 4069 1294 4158 stnauul6p6roptu61nterposursse

279 4143 381 4194 Politia.
399 4159 424 4208 p.
439 4141 542 4193 268*ss
561 4139 593 4193 οὐ
612 4139 640 4192 τὰ
660 4139 692 4192 οδ
711 4160 760 4192 κιο·
812 4158 934 4206 quorsum
944 4159 1027 4206 αυτην
1039 4142 1155 4190 refertur
1179 4141 1243 4189 De'
1236 4155 1295 4204 rpsa

279 4210 351 4262 λιέιν
369 4213 498 4273 φαινεται,
516 4211 562 4261 ubi
578 4227 603 4260 v.
621 4226 681 4260 ann.
812 4217 870 4260 sent
860 4211 941 4259 tentia
951 4217 1037 4259 autem
1051 4209 1173 4259 consulas
1186 4208 1294 4257 Phaedr.

309 4280 338 4329 P.
357 4276 416 4330 469.
442 4280 470 4328 Β.
501 4275 761 4329 τοῦτοίνταῦθά
812 4276 904 4342 pm
915 4275 1027 4339 2731)
1044 4293 1120 4342 quem
1138 4276 1250 4325 locum
1243 4293 1296 4326 ram

277 4364 309 4414 γε
328 4346 361 4414 α]
381 4348 409 4396 in
427 4352 481 4398 arte
497 4347 604 4405 medica.
812 4346 973 4397 Routhius
991 4344 1110 4396 contulit.
