3242 5259
549 595 606 652 AD
627 593 813 654 GORGIAM
835 595 1038 654 PLATONIS.
1261 606 1300 657 65

278 763 409 840 spectari
430 762 591 822 Alcibiadis
620 769 747 822 aetatem
767 765 816 824 vel
838 784 876 822 ex
904 784 939 821 eo
960 765 1085 838 colligas,
1106 768 1183 843 quod
1204 767 1246 824 illi
1268 768 1299 824 in

277 852 368 908 rebus
391 846 529 907 civilibus
550 848 588 905 ab
609 847 672 923 ipso
686 848 805 906 Socrate
819 851 1012 924 exprobratur
1030 850 1199 908 insolentior
1211 871 1299 928 quae·

278 937 348 993 dam
376 932 553 991 iudiciorum
580 937 611 990 et
639 933 825 990 consiliorum
851 934 1059 1005 inconstantia,
1096 954 1114 991 a
1141 935 1299 1011 sapientiae

278 1018 447 1077 rationibus
474 1016 603 1074 alienior.
645 1017 694 1074 Ex
722 1037 780 1094 quo
806 1024 887 1092 patet
914 1037 982 1076 eum
1009 1018 1067 1075 iam
1094 1019 1125 1076 in
1152 1021 1299 1094 republica

278 1109 435 1164 versatum
455 1101 613 1158 informari.
647 1102 708 1159 Nec
729 1120 798 1159 vero
819 1102 850 1158 in
863 1103 954 1160 altero
967 1102 1029 1159 loco
1041 1124 1068 1178 p.
1084 1108 1153 1160 481.
1168 1104 1204 1161 D.
1219 1124 1298 1181 seqq.

279 1188 446 1266 quidquam
472 1185 563 1257 inest,
592 1187 669 1262 quod
697 1185 767 1243 huic
794 1187 955 1244 sententiae
983 1187 1043 1243 ullo
1071 1189 1154 1244 modo
1183 1189 1298 1246 officiat.

280 1273 369 1335 huod
390 1269 472 1328 enim
485 1270 527 1327 ibi
546 1270 678 1327 Socrates
692 1270 874 1328 Alcibiadem
886 1278 972 1328 vocat
991 1271 1107 1328 delicias
1127 1291 1194 1329 suas
1216 1273 1299 1330 item·

280 1376 339 1436 que
361 1354 513 1413 Calliclem
534 1353 575 1411 ait
588 1354 714 1411 Demum
735 1356 806 1412 adeo
827 1355 857 1411 in
879 1355 989 1413 deliciis
1010 1356 1125 1424 habore,
1146 1362 1180 1413 ut
1201 1356 1227 1413 ei
1247 1376 1299 1432 per

280 1440 380 1498 omnia
393 1437 595 1511 morigeretur,
616 1438 651 1495 fit
664 1439 720 1495 hoc
733 1445 833 1513 aperto
846 1458 898 1514 pcr
914 1440 1040 1497 facetum
1054 1439 1156 1510 iocum,
1171 1442 1298 1517 quando·

279 1527 402 1603 quidem
431 1525 516 1580 ambo
544 1521 710 1580 iudicantur
738 1543 786 1580 eos
820 1524 914 1580 adhue
947 1523 1066 1597 diligero
1094 1525 1172 1582 viros
1200 1526 1299 1595 i'aclos,

280 1629 354 1688 quos
383 1627 491 1684 pueros
512 1606 561 1665 vel
588 1607 784 1665 adolescentes
805 1608 1018 1678 adamaverint,
1048 1609 1102 1665 hoc
1122 1616 1220 1666 tamon
1241 1610 1299 1666 dis·

281 1693 421 1763 crimine,
457 1692 536 1768 quod
570 1690 634 1765 ipse
661 1690 820 1749 Alcibiadis
848 1692 1072 1750 inconstantiam
1106 1693 1298 1767 reprehendit,

281 1777 433 1836 Calliclem
455 1782 554 1833 autem
574 1774 647 1834 dicit
659 1776 751 1833 Demo
772 1795 825 1850 per
845 1776 941 1833 omnia
960 1777 1168 1834 obsecundato:
1190 1777 1222 1833 in
1243 1797 1299 1854 quo

280 1864 396 1920 facetus
412 1859 491 1918 inest
505 1860 623 1916 aculeus
636 1859 668 1915 in
688 1859 835 1916 hominem
856 1861 1046 1918 democratiae
1059 1860 1300 1936 intemperantius

282 1952 441 2004 amantem.
485 1942 627 2006 Quocirca
646 1944 756 2001 frustra
775 1945 904 2019 profecto
925 1944 973 2001 hic
993 1945 1200 2021 acquisiveris,
1229 1967 1300 2003 num

282 2029 454 2089 Alcibiades
484 2034 535 2086 aut
555 2028 677 2097 Demos,
706 2027 881 2104 Pyrilampis
907 2027 1000 2098 filius,
1029 2035 1092 2086 tum
1113 2030 1208 2086 adhuc
1229 2031 1301 2087 flore

282 2114 410 2174 iuvenili
430 2112 588 2183 nituerint,
617 2113 694 2190 quod
716 2117 792 2171 certe
814 2132 872 2169 non
901 2132 972 2188 opus
992 2113 1051 2171 fuit
1071 2134 1105 2170 ea
1133 2133 1221 2190 quam
1248 2133 1301 2171 nos

282 2202 442 2275 probamus
470 2196 878 2271 interpretationc.admissa;
908 2197 979 2255 satis
1000 2197 1077 2256 enim
1105 2197 1161 2255 erit
1185 2199 1301 2257 novisse

283 2304 332 2342 eos
346 2290 415 2342 tum
428 2281 461 2339 in
475 2280 583 2356 optimo
597 2280 691 2338 virilis
706 2281 809 2339 aetatis
823 2281 895 2339 flore
908 2281 998 2340 fuisse
1013 2281 1194 2353 constitutos,
1215 2290 1250 2340 ut
1270 2283 1300 2339 in

282 2367 436 2444 republica
464 2366 534 2423 clari
570 2363 711 2422 exsistere
739 2365 902 2440 potuerint,
936 2366 1013 2444 quod
1041 2372 1117 2423 certe
1152 2367 1301 2425 subductis

283 2453 420 2510 omnibus
434 2449 596 2507 rationibus
617 2468 702 2506 nemo
715 2447 825 2506 infitias
840 2449 883 2507 ire
898 2449 1023 2507 audebit.
1052 2449 1216 2509 Alcibiades
1237 2449 1301 2526 qui-

284 2539 353 2595 dem
374 2538 469 2606 certe,
498 2535 522 2593 si
551 2539 638 2592 natus
665 2533 723 2591 fuit
751 2533 865 2610 Olymp.
889 2538 944 2604 82,
975 2537 1002 2589 2.
1026 2555 1065 2584 =
1089 2539 1148 2590 455
1178 2553 1203 2590 a
1225 2534 1300 2604 Chr,

283 2620 372 2680 sicuti
394 2638 490 2694 nuper
511 2617 603 2676 critici
624 2618 698 2674 duce
718 2617 861 2675 Meiero
882 2617 915 2674 in
935 2617 1025 2674 Indic.
1047 2617 1139 2675 Lectt.
1161 2617 1301 2695 Gryphia-

284 2707 372 2766 wald.
396 2698 467 2761 anni
492 2705 580 2760 1821.
603 2707 631 2759 4.
653 2701 840 2777 probabiliter
860 2707 1041 2771 statuerunt,
1069 2708 1203 2775 vegetam
1224 2709 1302 2760 aeta·

284 2797 346 2849 tem
373 2789 604 2864 haudquaquam
634 2785 694 2843 iam
721 2806 854 2860 egressus
882 2786 954 2856 fuit,
983 2786 1126 2863 siquidem
1154 2795 1218 2846 tum
1245 2787 1303 2845 fuit

285 2871 545 2953 quadragenarius.
566 2871 595 2928 N
596 2890 628 2942 ec
642 2889 711 2928 vero
726 2871 761 2929 de
768 2871 861 2928 Demo
875 2871 966 2929 multo
982 2870 1066 2928 aliter
1078 2871 1303 2930 existimandum

286 2959 351 3031 erit,
373 2957 445 3023 licet
465 2955 506 3027 is,
534 2975 591 3032 quo
611 2959 739 3030 tempore
760 2955 891 3028 dialogus
912 2955 1030 3013 habitus
1050 2955 1185 3029 fingitur,
1215 2956 1303 3015 etiam

286 3049 386 3102 aetate
406 3040 502 3099 minor
522 3039 613 3098 fuisse
626 3039 769 3097 videatur.
798 3040 908 3097 Verum
929 3040 1000 3097 satis
1021 3041 1056 3096 de
1075 3040 1130 3098 his.
1159 3040 1304 3115 Apparuit

287 3127 366 3185 enim
379 3125 430 3184 vel
445 3144 483 3182 ex
497 3123 552 3195 his,
574 3123 683 3199 opinor,
705 3142 779 3200 quae
794 3125 831 3180 de
843 3123 993 3181 Alcibiade
1007 3124 1140 3199 exposita
1157 3126 1303 3198 leguntur,

287 3231 321 3269 ea
343 3209 420 3268 nihil
442 3208 590 3284 impedire,
613 3207 766 3285 quominus
788 3207 935 3281 dialogum
956 3227 990 3264 eo
1011 3228 1069 3285 quo
1090 3209 1217 3266 diximus
1231 3216 1303 3267 tem·

285 3315 356 3371 pore
378 3293 515 3352 habitum
536 3312 598 3351 esse
619 3291 828 3352 existimemus.
864 3291 1002 3369 Sequitur
1021 3312 1105 3362 vero,
1127 3300 1162 3350 ut
1182 3295 1218 3350 de
1240 3292 1305 3349 aliis

286 3388 455 3455 temporum
475 3376 589 3435 indiciis
610 3375 815 3451 exphcaudum
835 3376 887 3448 sit,
917 3395 991 3453 quae
1020 3383 1107 3435 antea
1126 3376 1252 3434 vidimus
1273 3376 1304 3432 in

287 3464 350 3540 ipso
373 3481 461 3538 opere
482 3461 596 3537 prodita
617 3480 688 3518 esse.
731 3461 851 3519 Habent
872 3466 969 3519 autem
997 3460 1056 3516 iam
1084 3479 1137 3517 nec
1158 3459 1208 3516 illa
1228 3459 1304 3515 (11111-
1338 3532 1341 3537 ¹

288 3549 432 3606 cultatem
458 3545 565 3616 ullam,
594 3564 669 3622 quac
690 3550 846 3603 narrantur
873 3545 909 3601 dc
931 3545 1088 3615 Archelao,
1118 3543 1305 3601 Macedoniae

287 3652 365 3706 rege.
410 3629 470 3692 Qui
491 3635 525 3688 ut
551 3628 661 3688 diutius
690 3634 757 3687 ante
780 3629 914 3706 colloquii
935 3629 1077 3687 Platonici
1105 3636 1235 3704 tempora
1255 3648 1307 3704 per

289 3716 401 3775 scelera
421 3720 453 3774 et
472 3713 586 3788 flagitia
605 3732 694 3787 regno
714 3712 826 3788 potitus
848 3713 894 3784 sit,
916 3719 1014 3771 tamen
1034 3713 1171 3771 extremis
1192 3732 1306 3790 quoque

288 3800 360 3860 belli
389 3796 626 3874 Peloponnesiaci
655 3797 739 3855 annis
766 3797 862 3872 potuit
891 3798 1042 3855 memorari
1071 3797 1307 3865 commodissime,

289 3885 436 3962 siqnidem
462 3882 551 3940 ctiam
578 3887 642 3941 tum
670 3882 808 3940 memoria
838 3881 900 3939 eius
929 3882 1055 3940 Athenis
1082 3902 1175 3959 usque
1203 3880 1307 3954 vigint,

288 3969 378 4028 sicuti
408 3967 459 4026 vel
487 3966 635 4042 Euripidis
663 3965 726 4024 vita
754 3966 901 4024 luculente
930 3971 1068 4038 testatur,
1105 3966 1192 4043 idquc
1221 3964 1306 4022 etiam

289 4053 355 4111 ideo
385 4051 496 4109 factum
527 4057 585 4122 est,
616 4051 693 4128 quod
714 4050 872 4125 posteriore
900 4051 983 4123 regni
1004 4050 1050 4108 sui
1071 4057 1205 4125 tompore
1219 4049 1309 4122 vulgo

288 4137 364 4196 felix
393 4155 428 4192 ac
456 4136 559 4193 beatus
587 4142 633 4194 est
653 4134 850 4210 praedicatae,
880 4135 963 4192 cuius
991 4134 1082 4210 ipsius
1105 4134 1146 4192 rei
1174 4133 1312 4190 memoria

288 4219 436 4280 Platonici
463 4218 605 4276 'sermonis
640 4224 810 4292 argumento
839 4219 923 4292 longe
958 4224 1003 4276 est
1031 4217 1312 4275 convenientissima

289 4305 357 4368 Quo
387 4303 506 4382 quidem
532 4303 594 4361 loco
624 4322 678 4361 neo
706 4302 873 4377 scrupulum
901 4301 994 4359 iniicit
1020 4302 1144 4358 formula
1162 4297 1243 4376 χθὲς
1263 4300 1312 4359 καὶ

291 4384 399 4468 πρώην
420 4409 449 4463 p.
472 4388 542 4445 470.
565 4388 617 4458 D.,
647 4406 735 4464 quam
756 4386 845 4445 etiam
874 4386 910 4442 de
938 4392 1067 4460 tempore
1088 4385 1241 4444 remotiore
1264 4387 1313 4444 ad·

347 4503 400 4541 Plat
414 4500 470 4550 Opp.
484 4500 531 4540 Vol.
544 4501 572 4539 11.
587 4499 643 4538 sect.
656 4501 674 4538 1.
1098 4496 1115 4549 5
