3242 5259
555 601 740 663 GORGIAS.
762 602 795 660 P.
819 605 889 660 513.
911 603 956 661 ed.
979 601 1022 661 St.
1234 608 1296 661 299

277 770 389 830 στατεῐ
415 782 486 846 μοι·
518 764 584 827 ἀλλ’
615 762 672 827 ἐὰν
693 765 845 839 πολλάκις
871 765 948 840 ἴσως
975 763 1030 828 καὶ
1050 763 1177 846 βέλτιον
1197 761 1298 829 ταύτὰ
1327 769 1359 832 Ι)

277 874 382 927 ταῦτα
409 862 676 944 διασκοπῶμεθα,
710 863 887 945 osroenae.
913 864 1139 946 ἀναμνήσθητι
1169 856 1197 927 δ’
1224 857 1296 938 οὖν,

276 956 328 1026 ὅτι
355 951 407 1024 δύ’
435 956 558 1041 ἔφαμεν
586 952 667 1022 εἶναι
697 957 754 1033 τὰς
780 960 987 1041 παρασκευὰς
1016 959 1067 1024 ἐπὶ
1097 962 1134 1024 τὸ
1161 961 1297 1024 ἕκαστον

278 1058 482 1139 θεραπεύειν,
501 1057 556 1121 καλ
577 1061 668 1138 σῶμα
689 1056 742 1121 καὶ
763 1058 882 1139 ψυχήν,
902 1059 980 1139 μίαν
999 1056 1059 1139 μὲν
1078 1058 1158 1140 πρὸς
1173 1057 1297 1141 ἡδονὴν

280 1157 414 1241 ὁμιλεῖν,
436 1155 495 1238 τὴν
517 1151 627 1234 ἑτέραν
648 1153 682 1218 δὲ
702 1156 783 1234 πρὸς
802 1156 840 1218 τὸ
862 1154 1045 1236 βέλτιστον,
1067 1155 1110 1238 μὴ
1130 1178 1296 1237 καταχαρι-

278 1258 431 1338 ζόμενον,
463 1251 543 1317 ἀλλὰ
572 1253 817 1335 διαμαχόμενον.
850 1247 890 1316 ού
910 1259 1013 1317 ταῦτα
1032 1246 1074 1334 ἦν
1094 1256 1115 1316 λλ
1134 1254 1205 1317 τότε
1226 1252 1296 1331 ὠρι-

277 1354 417 1432 ζόμεθα,·
448 1353 552 1414 ΚΑΛ.
581 1351 679 1413 Πιλνν
707 1372 751 1431 χε.
793 1353 871 1414 Σύλ.
903 1350 1038 1415 Ου’κοῦν
1065 1351 1167 1434 ἡμὲν
1196 1348 1294 1432 ἑτέρα,

277 1451 298 1534 ἦ
328 1451 411 1531 πρὸς
438 1448 581 1532 ἡδονήν,
619 1447 756 1530 ἀγεννὴς
784 1447 839 1512 καὶ
868 1442 965 1512 οὐδὲν
993 1451 1071 1513 ἄλλο
1099 1449 1120 1531 ἢ
1147 1449 1296 1512 κολακεία

279 1548 431 1631 τυγχάνει
452 1540 543 1609 οὖσα.
565 1539 585 1627 ἦ
607 1547 686 1627 χύρ;
709 1548 816 1610 ΚΑΛ.
829 1540 945 1626 ”noro
967 1548 995 1610 ελ
1016 1548 1141 1628 βούλει,
1173 1546 1224 1610 ool
1245 1546 1297 1612 oll-
1320 1545 1349 1608 Ε

278 1669 350 1720 τοις.
393 1646 471 1709 Est.
502 1646 539 1706 Η
562 1642 596 1706 δέ
625 1665 661 1725 γε
690 1639 801 1725 ἑτέρα,
833 1639 922 1719 ὅπως
948 1644 992 1721 ὡς
1019 1643 1185 1726 βέλτιστον
1212 1642 1298 1708 ἔσται

279 1755 386 1816 τοῦτο,
407 1742 467 1805 ε’λτε
489 1744 582 1823 σῶμα
601 1743 751 1824 τυγχάνει
772 1737 811 1806 ὂν
829 1742 890 1805 εἴτε
903 1745 1000 1825 ψυχή,
1022 1744 1297 1824 ὃθεραπεύομεν,

281 1845 386 1906 ΚΑΛ.
419 1840 516 1903 Πύνν
541 1861 587 1921 γε.
629 1841 708 1902 Est.
730 1827 792 1919 Ἆρ’
823 1833 885 1903 ούν
909 1839 1014 1916 οὕτως
1040 1841 1119 1923 ἡμῖν
1145 1839 1298 1925 ἐπιχειρη-

277 1937 352 2005 τέον
381 1935 446 2002 ἐστὶ
474 1948 513 2022 τῇ
541 1939 631 2002 πόλει
659 1937 713 2001 καλ
742 1941 809 2013 τοῖς
838 1937 982 2013 πολίταις
1009 1939 1220 2020 θεραπεύειν,
1254 1941 1298 2016 ὡς

277 2145 353 2258 ιιιζιαιξρι
369 2145 429 2205 post
455 2134 624 2202 θεραπεύειν.
669 2137 739 2190 Dein
763 2136 844 2190 Ooisl.
872 2135 920 2206 τὴν
942 2136 973 2188 δὲ
996 2136 1102 2204 ἑτέραν,
1130 2138 1200 2205 quod
1225 2140 1297 2192 dedit

300 2225 314 2258 e
354 2223 390 2258 er.

328 2310 359 2359 Ε.
385 2307 417 2358 el
435 2305 566 2373 βούλει,
591 2309 641 2357 ool
656 2305 787 2390 odron]
817 2308 862 2360 Sic
887 2308 1005 2374 plerique
1028 2307 1091 2359 libri
1122 2325 1180 2360 cum
1207 2310 1295 2361 Clarlu
1371 2296 1375 2305 ’

277 2379 337 2428 Vat.
355 2375 435 2427 Goisl.
454 2377 522 2428 Vett
540 2375 612 2427 editt.
632 2373 666 2426 οὐ
683 2374 774 2429 ούτοιε

329 2475 408 2545 ἡμῖν
442 2476 670 2559 ἐπιχειρητέον
727 2478 771 2529 Sic
800 2484 864 2531 vett
896 2477 966 2529 editt.
997 2478 1085 2529 Clark
1120 2479 1179 2529 Vat.
1214 2479 1294 2530 Goisl.

277 2549 342 2598 Van.
362 2545 423 2597 ΞΣ.
442 2546 486 2595 alii
506 2561 558 2596 non
576 2547 672 2630 pauci
687 2563 735 2610 πιχ.
755 2541 825 2612 ἡμῖν.
860 2547 929 2596 Dein
947 2547 1095 2612 Stephanus
1112 2547 1202 2597 invitis
1219 2546 1295 2600 libris

279 2615 393 2666 correxit
411 2609 458 2680 τὴν
475 2611 552 2664 πόλιν
570 2614 612 2664 καλ
631 2611 692 2667 rods
710 2616 823 2674 aolt'ſtrat
841 2614 887 2665 sed
904 2630 929 2666 v
947 2631 1007 2666 ann.

276 2787 371 2835 iactam
404 2787 510 2853 putant3
552 2784 760 2835 Schaeierus
813 2811 846 2824 -
872 2781 912 2851 μὴ
941 2803 1053 2850 aaran,
1075 2782 1154 2837 ἀλλὰ
1184 2785 1295 2849 διαμα-

277 2859 363 2903 autem
387 2838 429 2902 ad
437 2851 558 2917 Apollon.
576 2851 658 2903 Rhod.
676 2853 707 2902 Τ.
725 2854 761 2902 Π.
812 2850 969 2918 χύμενον,
1005 2870 1070 2904 non
1096 2854 1295 2920 gratifican-

277 2919 374 2986 p..582
392 2919 656 2970 eandemdelendam
674 2927 761 2971 censet
812 2929 876 2971 tem
904 2926 935 2972 et
961 2921 1205 2986 blandientem,
1238 2923 1295 2973 sed

278 2995 368 3053 utpote
385 2993 473 3038 natam
497 3003 531 3037 ex
548 2987 760 3038 antecedentibus
813 2996 1055 3055 repugnantem
1072 2996 1104 3041 et
1120 2990 1296 3042 adversari·
1378 3039 1384 3051 ‚

278 3057 372 3106 litteris
390 3073 412 3109 τε
426 3061 452 3106 et
469 3055 535 3105 male
548 3055 682 3106 intellecta
699 3061 761 3107 nota
813 3063 881 3106 tem
922 3058 1038 3109 Pertinet
1069 3059 1234 3110 accusativus
1262 3059 1296 3110 ad

279 3125 387 3189 copulae
406 3126 462 3182 acl,
486 3139 552 3208 quae
569 3125 597 3174 in
615 3122 689 3174 codd.
712 3125 762 3175 fre-
812 3121 928 3186 cipitata,
951 3127 980 3176 in
1003 3143 1055 3192 quo
1072 3128 1218 3178 continetur
1236 3127 1295 3178 sub-

278 3197 387 3257 quenter
418 3206 477 3240 curn
510 3187 546 3243 cis
579 3191 761 3243 confundatur.
812 3193 908 3243 iactum
926 3193 1097 3245 indefinitum.

279 3261 348 3322 Quin
362 3256 760 3325 Astiusillamanteneeodri·
843 3256 957 3319 Ἔστω,
975 3259 1154 3326 sllicitat,
1174 3261 1295 3313 σιλού-

280 3343 317 3377 οει
343 3328 419 3376 iubet
444 3326 542 3378 inferri.
587 3327 639 3377 Sed
670 3327 761 3393 quidni
814 3326 884 3394 τωο]
908 3330 938 3379 Ρ.
955 3327 1014 3380 510.
1031 3329 1069 3378 A:
1093 3329 1159 3378 ἔσται
1179 3343 1219 3378 σοι
1236 3335 1295 3380 τοῦ·

278 3395 342 3447 ἴσως
377 3400 447 3444 recte
477 3395 540 3444 item
573 3396 699 3446 reseratur
726 3395 759 3446 ad
814 3413 892 3445 το-
910 3393 1000 3449 οὕτως.
1036 3398 1096 3448 Non
1119 3411 1184 3460 opus
1207 3398 1295 3462 igitur,

278 3463 403 3528 protaain,
420 3464 569 3526 praesertim
587 3478 666 3528 quum
684 3464 762 3515 sicuti
812 3470 843 3514 ut
860 3478 920 3513 cnm
941 3465 1113 3548 Stephano
1138 3464 1294 3515 scribamus:

277 3531 401 3581 Latinum
438 3530 585 3580 fortasse
614 3546 673 3580 curn
706 3531 762 3581 leni
813 3548 826 3581 ι
828 3529 944 3614 ἰβούλει
963 3529 1006 3591 ού,
1022 3529 1112 3584 οὕτως.

277 3598 415 3662 quadam
408 3598 526 3648 irrisione
552 3603 578 3648 et
595 3599 761 3649 cavillatione
847 3598 878 3648 E.
903 3594 935 3646 ‘H
950 3597 983 3649 λε’
1000 3598 1162 3666 γελτέρα]
1198 3599 1294 3650 Ηεὶιι·

277 3666 394 3716 dicatur?
812 3664 942 3716 dorsius
976 3618 1174 3733 inielligendnm
1206 3675 1296 3719 censet

311 3736 344 3784 D
354 3730 631 3818 ιλιαμνήσθιχτιδ’
651 3725 760 3800 ούν-]
813 3731 898 3787 otras
927 3733 1006 3785 ἐστιν.
1060 3736 1151 3786 Malim
1180 3734 1294 3800 suppleri

278 3804 411 3866 Frequens
433 3805 473 3850 est
497 3797 518 3850 λ’
544 3793 604 3851 οὖν
622 3802 649 3851 in
667 3817 761 3866 epaua-
813 3797 909 3861 ὁμιλεῖ,
938 3819 998 3853 nam
1022 3809 1177 3854 structuram
1205 3804 1294 3853 verbo·

278 3869 359 3934 lapsi:
377 3868 447 3918 unde
465 3875 578 3933 apparet,
597 3885 673 3933 quam
692 3875 761 3920 recte
812 3884 871 3918 rum
889 3869 951 3920 κατὰ
966 3868 993 3921 τὸ
1007 3869 1294 3931 νοούμενονεεεεοοιι-

278 3938 327 3989 hoc
344 3938 404 3988 loco
422 3936 535 3998 dicatur,
558 3935 604 3986 ubi
622 3937 761 4002 disputatio
813 3937 948 3988 formatam
977 3945 1091 4005 apparet.
1133 3939 1293 3990 Sententiam

278 4006 309 4056 ad
327 4005 461 4069 superiora
481 4004 624 4054 revertitur.
660 4005 762 4056 Deinde
813 4005 866 4055 loci
888 4006 1000 4057 reddidit
1021 4006 1193 4057 Aristides
1210 4006 1292 4061 Oratt.

279 4074 468 4137 Stephanus
495 4072 585 4122 invitis
613 4072 686 4122 codd.
711 4073 762 4124 edi·
814 4073 879 4122 Plat
898 4074 931 4125 11
948 4090 973 4138 p.
991 4072 1062 4135 116,
1087 4073 1156 4124 uude
1174 4075 1294 4138 quiPla-

278 4141 315 4190 dit
337 4138 381 4189 ἐπὶ
413 4139 439 4188 τὸ
464 4137 575 4190 ἑκάστου
599 4138 762 4202 θεραπεύειν
814 4142 882 4191 tonis
899 4140 979 4191 verba
1000 4142 1081 4192 vellet
1097 4142 1236 4209 corrigere,
1259 4147 1296 4193 te

279 4226 299 4258 κ.
316 4226 335 4257 τ.
347 4210 367 4257 λ,
387 4209 446 4270 Qua
462 4209 605 4259 mutatione
624 4215 691 4259 certe
708 4226 761 4259 non
812 4210 938 4258 merarius
954 4209 1028 4260 forat.

279 4291 344 4340 opus
368 4280 439 4338 erat,
465 4275 593 4358 siquidem
615 4275 695 4327 verba
718 4278 761 4327 καλ
844 4267 904 4340 Ap'
923 4268 987 4326 ούν
1004 4275 1107 4329 οὕτως
1124 4275 1180 4359 -]
1196 4277 1296 4329 Iniuria

280 4348 352 4403 ccipe
387 4343 430 4393 καλ
465 4339 552 4410 ψυχήν
581 4342 762 4396 illustrationis
813 4344 1003 4408 Stephanus
1025 4345 1138 4396 correxit
1155 4342 1202 4412 τὴν
1219 4341 1296 4396 πόλιν

278 4428 339 4478 ergo
362 4410 453 4463 addita
479 4411 763 4464 summonitiones.
813 4411 1135 4480 antemeridianam
1151 4415 1295 4467 accusativi
