3242 5259
418 592 476 664 τοο
830 591 1026 656 οιιυουτο
1059 658 1061 665 ,

414 757 559 823 τοιοῦτος
586 750 642 812 ὧν.
672 747 723 812 ἐπὶ
749 750 787 814 τὰ
808 762 939 815 τοιαῦτα
960 750 1066 835 ἔμοιγε
1087 755 1190 834 δοκεῖ,
1221 749 1377 834 ὧΠοΞλε,
1404 759 1424 842 ἦ

415 844 566 929 ῥητορικὴ
581 850 733 931 χρήσιμος
748 844 848 913 εἶναι·
870 848 937 913 ἐπεὶ
952 860 996 930 τῷ
1013 873 1049 932 γε
1069 851 1113 935 μὴ
1133 850 1284 934 μέλλοντι
1303 853 1424 921 άδιιιεῐν

414 944 455 1009 οὐ
473 944 593 1026 μεγάλη
613 946 660 1018 τίς
679 969 735 1028 μοι
755 940 845 1010 δοκεῖ
862 948 884 1029 ἡ
903 949 991 1030 χρεία
1013 950 1113 1032 αὐτῆς
1134 945 1237 1031 εἶναι,
1269 954 1297 1017 sl
1317 952 1357 1036 δὴ
1377 953 1425 1018 καὶ

414 1037 479 1162 ioco
504 1064 551 1116 τις
579 1043 683 1124 χρεία·
718 1043 760 1116 ὡς
788 1040 824 1108 ἕν
851 1067 887 1126 γε
915 1051 982 1120 τοῖς
1010 1048 1155 1129 πρόσθεν
1175 1050 1305 1133 οὐδαμῇ
1326 1049 1425 1134 ἐφάνη

414 1154 505 1203 ουσα.
1240 1186 1244 1193 ι

479 1237 558 1325 Gap.
582 1238 764 1304 XXXVII.
817 1242 920 1302 ΚΑΛ.
958 1239 1044 1303 Εἰπέ
1076 1263 1149 1322 μοι,
1187 1233 1213 1305 ὦ
1241 1247 1423 1326 Χαιρεφῶν,

317 1388 320 1393 .
415 1337 587 1415 σπουδάζει
607 1344 708 1401 ταῦτα
731 1342 923 1419 Σωκράτης,
953 1337 1112 1418 ἢπαίζει;
1142 1342 1233 1403 XAI.
1259 1335 1353 1423 Ἐμοὶ
1370 1341 1424 1424 μὲν

413 1435 509 1511 δοκεῖ,
532 1427 557 1497 ὠ
575 1435 770 1508 Καλλίκλεις,
786 1435 961 1516 ὑπερφυῶς
975 1437 1182 1513 σπουδάζειν·
1206 1437 1306 1502 οὐδὲν
1322 1435 1423 1518 μέντοι

365 1525 487 1605 Οοῖου
516 1534 552 1598 τὸ
581 1530 682 1595 αὐτὸν
709 1529 840 1613 ἐρωτᾶν.
900 1536 1003 1596 ΚΑΛ.
1039 1531 1093 1615 Νὴ
1121 1527 1200 1609 τοὺς
1234 1535 1335 1611 θεοὺς
1363 1530 1421 1599 ἀλλ’

324 1676 331 1687 .
414 1628 571 1712 ἐπιθυμῶ.
614 1627 696 1693 Εἰπέ
723 1652 794 1710 μοι,
824 1621 1058 1710 ὧΣάκρατες,
1085 1632 1223 1712 πότερόν
1252 1647 1289 1696 σε
1319 1638 1422 1716 φῶμεν

465 1864 493 1914 G.
529 1861 675 1927 πότερόν
699 1879 733 1914 σε
758 1863 885 1930 φάμαν]
910 1871 1002 1926 φῶμεν
1019 1870 1084 1916 tosto
1102 1865 1292 1932 Olympiodoro
1309 1867 1418 1919 inlibris

414 1931 567 1996 quibusdum
586 1931 646 1982 olim
665 1947 717 1980 non
735 1939 863 1996 repertum
881 1940 927 1982 ost.

464 1996 537 2049 ἄλλο
561 2016 587 2048 τι
610 1995 626 2065 ἢ
650 1994 740 2065 ἡμῶν
765 1995 779 2050 ό
802 1999 892 2067 βίον]
917 2001 1052 2051 Bckkorus
1074 1998 1164 2067 ipsine
1182 2003 1304 2055 codicum
1321 2019 1417 2054 conscu-

412 2069 485 2119 siono
502 2067 655 2116 eliminavit.

464 2142 533 2188 zoio
556 2132 590 2184 δὲ
612 2130 686 2185 ἄλλο
710 2152 747 2194 τι,
774 2130 806 2183 td
831 2131 926 2200 αάτό]
953 2134 1028 2185 Libri
1049 2152 1109 2186 mss.
1134 2152 1225 2188 omnes
1248 2133 1309 2188 ἄλλο
1327 2134 1414 2206 troisi

412 2200 485 2253 αὐτό.
518 2202 684 2252 Heindorfius
706 2204 767 2266 post
784 2198 810 2250 τὸ
829 2198 892 2252 αὐτὸ
910 2201 1056 2253 addendum
1073 2203 1182 2270 putabat
1198 2201 1240 2266 ὅν,
1260 2207 1317 2257 sino
1335 2221 1415 2257 cauno
1461 2236 1465 2249 ·

411 2271 512 2321 idoneo.

464 2341 495 2389 D.
531 2334 563 2388 τά
581 2337 704 2388 ἑαυτοῦ
722 2333 859 2405 πάθημα
891 2338 921 2386 V.
940 2334 1030 2388 αὑτοῦ.

463 2401 585 2456 ταύτόν
602 2424 631 2455 τι
649 2402 860 2458 πεπονθότες
893 2405 970 2455 Vind.
985 2404 1008 2456 6.
1021 2402 1180 2466 πεπονθότι,
1199 2409 1270 2473 quod
1287 2408 1349 2460 olim
1365 2423 1413 2458 oum

445 2629 476 2676 Β.
511 2624 584 2678 ἐπεὶ
612 2631 651 2693 τῷ
676 2643 712 2691 γε
735 2620 774 2692 μὴ
797 2622 891 2691 nott]
944 2625 1086 2676 structione
1107 2627 1246 2678 vorborum
1270 2623 1300 2681 τὰ
1322 2626 1414 2683 ἐναντία

413 2695 533 2756 „Locum
556 2695 593 2743 sio
615 2693 746 2760 intelligo:
770 2693 822 2755 Qui
840 2709 893 2743 uon
944 2722 978 2731 —
995 2689 1011 2761 ἢ
1028 2689 1045 2744 ἃ
1063 2692 1146 2745 δεῖν.
1164 2693 1414 2763 adPhilsb.p.10t

413 2764 447 2811 sit
463 2763 584 2812 iniuriam
602 2761 735 2823 illaturus,
758 2778 810 2812 uon
828 2777 893 2827 opus
979 2761 1010 2811 cl
1033 2759 1073 2827 μή
1103 2781 1128 2812 τι
1152 2753 1192 2828 ἦν
1213 2790 1248 2800 -
1272 2759 1305 2814 τδ
1330 2759 1413 2826 αὐτά]

413 2834 452 2879 ost
464 2830 488 2879 oi
500 2829 636 2891 rhetorica,
649 2833 679 2878 ut
690 2828 804 2878 eiusdem
817 2829 895 2894 opero
945 2828 1015 2891 Quid
1032 2831 1097 2879 volit
1114 2828 1244 2893 Socrates,
1261 2831 1340 2883 facilc
1356 2837 1415 2897 putot

413 2897 468 2945 lunt
490 2896 617 2961 supplicio
641 2912 688 2947 suo
712 2896 893 2947 iniustitiam.”
945 2913 978 2947 ox
999 2897 1046 2960 iis,
1073 2913 1140 2963 quos
1162 2897 1257 2949 dcindo
1278 2900 1347 2951 huuc
1368 2898 1417 2949 illu-

413 2964 544 3014 ROUTH.
945 2970 1072 3017 straturus
1122 2967 1278 3022 sententium
1327 2966 1416 3021 sdiocil.

447 3031 509 3095 Cup.
526 3030 662 3080 xxxvn,
697 3025 798 3079 οὐδὲν
821 3029 892 3090 μέν·
945 3031 1091 3083 θυοτατιον
1113 3031 1194 3083 verbs
1217 3035 1271 3085 sic:
1301 3033 1330 3085 cl
1349 3030 1416 3100 μήτι

414 3116 461 3148 τοι
485 3094 560 3149 οἷον
585 3095 616 3148 τδ
639 3093 704 3146 urit.
729 3096 788 3164 ἐρ]
814 3100 894 3163 opti·
947 3093 980 3166 ἦν
1009 3107 1062 3153 τοῖς
1089 3096 1254 3164 ἀνθρώποις,
1279 3100 1367 3155 πάθοι
1394 3100 1416 3150 ιδ

413 3182 494 3219 mum
521 3172 629 3221 tamon
657 3167 760 3215 fucrit
787 3166 893 3229 ipsum
945 3163 1022 3228 αδτά,
1052 3174 1104 3222 τοῖς
1131 3167 1182 3228 μὲν
1210 3164 1272 3221 ἄλλο
1302 3189 1337 3230 τι,
1374 3175 1417 3220 τοῖς

412 3235 635 3300 interrogare.
651 3250 676 3285 v.
694 3233 726 3285 od
743 3249 768 3298 p.
786 3231 844 3285 447.
863 3233 892 3284 (l.
946 3234 975 3288 δὲ
997 3231 1058 3285 ἄλλο
1081 3253 1114 3294 τι,
1143 3237 1216 3287 nisi
1233 3237 1417 3298 homiuibus

447 3302 477 3352 0.
511 3301 562 3367 Νὴ
592 3300 668 3354 τοδε
699 3297 891 3354 θεοδτάλλ’
944 3309 1034 3354 ossot
1081 3305 1263 3357 communis
1315 3306 1418 3370 aliquo

412 3368 573 3436 ἐπιθυμῶ]
605 3369 664 3420 vid.
696 3375 782 3422 onuot.
808 3370 842 3419 od
867 3385 892 3434 p.
945 3370 1130 3422 animorum
1147 3371 1307 3435 affectio,
1326 3388 1418 3438 quom·

411 3436 468 3490 463.
487 3439 520 3487 D.
944 3453 1039 3503 quum
1063 3439 1136 3491 cius
1154 3439 1238 3504 opud
1255 3440 1345 3491 alios
1361 3440 1420 3493 slis

445 3500 570 3572 q‘noic'o'
595 3498 892 3568 βίοτάνατιτραμ·
943 3506 1033 3557 totio
1056 3511 1115 3559 ost.
1149 3506 1218 3572 Quip
1276 3507 1336 3559 fiori
1364 3523 1419 3561 uuo

411 3573 511 3634 μένοι
535 3569 551 3622 ά
559 3591 574 3620 v
599 3571 668 3638 εἴη]
696 3571 812 3622 Similem
837 3587 893 3622 vor·
943 3580 1041 3638 potest,
1064 3581 1101 3636 nt,
1123 3572 1187 3627 licut
1231 3575 1335 3627 uoltu
1351 3575 1420 3629 retu

410 3641 502 3693 borum
548 3639 768 3691 constructionem
814 3640 893 3689 habet
944 3640 1073 3702 studeant,
1081 3647 1168 3693 tumen
1178 3657 1420 3709 communemqutu

411 3707 581 3772 Aristoph.
596 3705 771 3757 Plutnliltl:
790 3703 827 3760 nic
843 3706 893 3767 μὲν
944 3708 1003 3758 διατι
1026 3708 1170 3761 studiorum
1193 3725 1302 3763 suorum
1324 3726 1420 3766 sonsum

409 3773 459 3842 γὰρ
474 3780 524 3826 νῦν
535 3771 622 3841 ἡμῖνδ
635 3775 694 3839 βίον
712 3781 765 3827 τοῖο
781 3771 892 3838 άνθρά-
944 3775 1066 3829 habeant.
1117 3779 1154 3831 Ut
1192 3793 1272 3843 quum
1308 3779 1421 3835 Sounion
1463 3787 1464 3795 ¹

411 3860 469 3896 noco
482 3840 614 3893 διάκειται
632 3859 707 3907 quern
719 3843 805 3892 locum
825 3857 892 3892 oom-
943 3843 1139 3909 philosophico,
1179 3844 1305 3897 colunias
1343 3852 1421 3901 autom

410 3912 512 3976 paravit
539 3911 713 3961 Routhius.
764 3909 891 3960 Addimus
943 3910 1230 3976 populirobnsstudot.
1243 3920 1422 3981 ulorquooutt

410 3981 450 4029 Do
471 3980 534 4043 ch.
557 3979 602 4031 IV.
626 3995 649 4043 p.
669 3975 726 4028 442.
744 3979 779 4026 B:
808 3973 843 4062 dl
858 4005 892 4015 -
944 3993 1031 4029 amoro
1057 3979 1168 4032 anonim
1194 3981 1234 4034 roi
1261 3988 1356 4048 capu·
1380 3987 1421 4035 cot.

411 4043 545 4108 ξύμπαντα
561 4042 606 4095 τὸν
624 4046 686 4110 βίον
703 4041 810 4095 πάντων
827 4063 891 4095 τινα·
943 4047 1035 4111 itaquo
1063 4047 1192 4101 sententis
1220 4053 1261 4099 ost
1286 4051 1352 4105 sutis
1372 4065 1422 4116 por·

411 4112 499 4179 τρέψῃ.
534 4113 636 4163 Deinde
654 4113 808 4176 Stephon.
832 4129 892 4163 con·
943 4114 1042 4179 spicuu.
1093 4116 1183 4179 Neque
1211 4122 1344 4171 sunctum
1373 4132 1422 4168 vor

410 4182 472 4231 iecit
489 4177 651 4246 πράττοιμεν.
679 4180 730 4230 Sed
746 4181 837 4245 quidni
854 4182 892 4230 in·
943 4184 1036 4233 borum
1072 4183 1213 4248 quidquam
1248 4182 1330 4237 habnt
1363 4185 1424 4235 diffi-

410 4248 522 4299 dicstivo
545 4264 614 4298 nuno
635 4247 708 4298 locus
734 4251 782 4309 sit,
812 4265 891 4312 quum
943 4249 1055 4300 cultatis.
1081 4250 1218 4303 Numillc:
1238 4258 1290 4305 tots
1303 4252 1353 4314 μὲν
1369 4250 1422 4303 ἄλλο

410 4316 564 4379 praecedant
595 4318 672 4366 haec:
711 4316 738 4366 εἰ
765 4315 812 4377 μὲν
840 4315 890 4383 γὰρ
944 4335 974 4374 τι,
993 4324 1046 4370 τοῖο
1064 4316 1094 4369 δὲ
1110 4315 1171 4371 ἄλλο
1189 4338 1219 4378 τι,
1242 4322 1355 4386 principi
1371 4335 1422 4372 sou·

412 4381 567 4446 σπουδάζεις
585 4403 607 4433 κ,
626 4403 645 4434 τ.
664 4385 704 4434 λλ
723 4411 754 4421 -
772 4386 814 4434 Do
831 4399 892 4435 oon·
943 4385 1040 4436 tonticc
1066 4386 1221 4451 interpositu
1242 4397 1319 4451 sunt,
1347 4396 1376 4439 ut
1396 4402 1422 4443 οι
