3242 5259
461 595 645 657 GORGIAS.
667 599 701 659 P.
724 602 795 658 451.
818 603 889 658 452.
910 600 955 660 ed.
979 600 1022 661 St.
1213 601 1252 660 97

227 759 394 842 ἡτούτου
413 755 507 842 τέχνη
528 758 600 842 περὶ
628 764 664 826 τὸ
694 758 844 844 μέγιστον
871 761 1000 845 ἀγαθὸν
1026 767 1094 838 τοῖς
1124 764 1251 847 ἀνθρώ-

227 879 312 934 ποις,
334 852 401 921 ἀλλ’
421 857 444 941 ἡ
464 856 532 942 ἐμή.
555 859 583 922 εἰ
603 854 665 924 οὖν
686 852 786 923 αὐτὸν
807 858 871 941 ἐγὼ
896 859 1044 944 ἐροίμην·
1075 862 1129 924 Σὺ
1149 863 1183 926 δὲ
1203 865 1251 938 τίς

228 953 276 1019 ὢν
311 965 414 1019 ταῦτα
449 953 565 1038 λέγεις,·
616 958 700 1021 ε’ίποι
734 958 775 1020 ἂν
803 957 898 1033 ἴσως,
938 953 986 1022 ὅτι
1012 954 1149 1041 Ἰοιτρός.
1212 963 1252 1024 Τι’

228 1047 291 1117 οὖν
328 1051 447 1135 iiras,-
495 1047 516 1138 ἦ
552 1055 588 1119 τὸ
624 1064 680 1137 τῆς
719 1064 776 1138 σῆς
815 1052 926 1139 τέχνης
968 1053 1065 1139 ἔργον
1100 1055 1250 1140 μέγιστόν

227 1149 316 1214 ἐστιν
336 1143 484 1231 ἄγοιθόν,·
506 1156 584 1229 Πῶς
604 1151 665 1234 γὰρ
687 1157 737 1231 οὔ,
761 1154 842 1236 φαίη
863 1153 904 1216 ἂν
918 1153 1004 1232 ἴσως,
1028 1147 1248 1239 ὦΣώιιραιες,

227 1247 352 1330 derisam
393 1248 424 1310 τί
458 1242 486 1312 d'
524 1248 589 1312 ἐστὶ
630 1254 740 1333 μεῖζον
777 1245 907 1331 ἀγαθὸν
953 1245 1140 1333 ἀνθρώποις
1181 1255 1299 1339 eya-B

227 1347 312 1422 είας;
344 1346 388 1408 Εἰ
415 1346 442 1409 δ’
472 1339 514 1409 αὖ
542 1345 621 1428 μετὰ
648 1359 766 1423 τοῦτον
794 1347 1043 1433 ὁποιδοτρίβης
1071 1351 1170 1430 sinet,
1200 1349 1250 1418 ὅτι

229 1445 434 1525 Θαυμάζοιμι
462 1447 539 1522 τᾶν,
569 1436 801 1527 ὧΣώκροιιες,
833 1445 887 1511 καὶ
914 1441 1028 1525 αὐτός,
1057 1449 1087 1512 εἴ
1112 1466 1164 1515 σοι
1184 1449 1249 1533 ἔχοι

226 1543 370 1623 Γοργίας
394 1545 502 1624 μεῖζον
527 1535 657 1624 ἀγαθὰν
686 1540 836 1620 ἐπιδεῖξαι
871 1553 927 1627 τῆς
953 1537 1056 1610 αὑτοῦ
1089 1547 1200 1631 τέχνης
1226 1549 1247 1632 ἢ

226 1638 291 1722 ἐγὼ
310 1648 369 1722 τῆς
389 1637 484 1722 ἐμῆς,
513 1640 630 1724 εἴποιμ’
668 1640 710 1704 ἂν
731 1634 772 1705 αὖ
793 1641 846 1705 καὶ
867 1641 947 1723 πρὸς
967 1653 1100 1708 τοῦτον·
1142 1645 1194 1708 Σὺ
1213 1647 1248 1712 δὲ

225 1735 265 1820 δὴ
287 1739 337 1813 τίς
357 1730 393 1813 εἴ,
417 1729 443 1801 ὦ
463 1737 636 1820 ἄνθρωπος
664 1739 718 1802 καὶ
738 1740 768 1803 τί
788 1739 825 1803 τὸ
846 1741 906 1804 σὸν
926 1738 1022 1822 ἔργον
1033 1767 1042 1817 ,·
1071 1743 1247 1825 Ποιιδοτρί-

224 1838 294 1918 βης,
317 1834 399 1918 φαίη
420 1839 471 1914 ἄν,
492 1838 529 1900 τὸ
549 1834 579 1900 δ’
600 1832 697 1916 ἔργον
716 1838 781 1919 μού
802 1834 867 1901 ἐστι
887 1840 1008 1914 καλούς
1033 1840 1139 1903 τεκαὶ
1161 1841 1246 1924 ἰσχυ-

224 1935 305 2017 ροὺς
326 1937 432 1998 ποιεῖν
451 1927 528 2009 τοὺς
548 1931 747 2016 ἀνθρώπους
766 1934 806 1998 τὰ
827 1937 966 2019 σώματα.
1018 1936 1114 2001 Μετὰ
1134 1937 1169 2002 δὲ
1188 1941 1247 2003 τὸν

224 2205 244 2254 Ρ
277 2129 420 2252 ”ffugi
440 2137 536 2250 τῖῦιῖο
559 2132 701 2252 iimo&
723 2133 854 2252 Vfflie'yecs
873 2141 961 2195 τοῦτο,
980 2135 1049 2201 quod
1066 2142 1106 2186 est
1123 2137 1246 2187 etiamin

244 2219 306 2321 ari’.
323 2267 383 2321 452.
411 2217 526 2319 (latitius
540 2217 558 2318 Ξ
564 2288 579 2318 ν
597 2219 825 2337 ποαραοοτυαῑῒν]
844 2268 878 2320 ἂν
892 2287 942 2321 om.
955 2270 1042 2321 Clark.
1056 2272 1114 2321 Par.
1128 2272 1244 2323 EFIW.

225 2337 305 2389 Vind.
323 2335 349 2388 6.
366 2334 438 2390 Flor.
454 2337 474 2387 f.
491 2353 511 2389 s.
530 2353 623 2388 errore.

277 2397 300 2455 ei
318 2405 343 2454 Σ
349 2401 370 2454 ω’
376 2422 432 2470 up,
450 2401 573 2472 ὑγίεια]
592 2406 656 2456 Voe.
676 2402 760 2472 ὑγίεια
776 2405 845 2456 male
863 2411 994 2471 suspectat
1011 2405 1142 2472 Hirsehig.

276 2475 307 2523 B.
330 2469 536 2555 &oneriferas
554 2469 628 2540 τᾶν]
646 2474 679 2524 V.
697 2470 716 2522 τ’
735 2471 775 2524 ἄν.
807 2473 873 2523 Inde
891 2490 949 2523 oum
966 2475 1116 2524 Hermanno
1134 2475 1244 2524 fecimus

223 2539 286 2599 τᾶν,
305 2541 324 2590 i.
342 2557 364 2590 e.
382 2559 420 2590 τοι
438 2558 480 2600 αν,
498 2540 633 2592 Bekkerus
650 2541 741 2592 invitis
758 2541 832 2592 libris
849 2538 871 2607 γ’
890 2538 931 2600 ἄν,
956 2541 1015 2590 aliis
1033 2542 1243 2592 assentientibus.

224 2610 296 2659 Dein
313 2608 385 2673 ἔχοι
404 2609 521 2675 Γοργίας
539 2609 626 2659 Clark.
645 2609 725 2660 Goisl.
742 2610 801 2658 Par.
825 2609 940 2659 BCFV.
958 2608 1026 2658 Flor.
1045 2625 1067 2658 a.
1086 2627 1108 2658 ο.
1126 2608 1151 2658 d.
1168 2626 1202 2659 m.
1220 2626 1244 2660 ο.

224 2682 250 2728 et
273 2692 339 2727 corr.
364 2676 424 2726 Vnt.
448 2677 482 2726 Δ.
505 2676 584 2726 Vind.
608 2676 632 2727 1.
658 2677 709 2727 Sed
736 2683 805 2727 reete
829 2692 857 2726 se
881 2675 959 2726 habet
982 2677 1060 2726 etiam
1076 2676 1245 2739 indicativus,

224 2760 385 2826 quamquam
396 2743 546 2860 §edendum
568 2759 629 2795 oum
646 2745 734 2794 Herm.
752 2744 877 2794 librorum
894 2744 1078 2828 'plurimorum'
1089 2746 1242 2796 auctoritati.

222 2813 372 2931 mergiidrtrg
380 2830 433 2930 nod
448 2810 1175 2946 {stampensiszuzpjffllgarpugplpatiqh'epopergsgmvlffi
1182 2829 1244 2932 {mi

222 2951 387 3000 Meermann.
405 2945 443 3006 δέ,
462 2947 530 3013 quod
548 2949 695 3015 nuperrime
711 2964 801 3000 rursus
819 2947 958 3014 expulsum
974 2946 1100 2998 videmus.

224 3116 314 3183 ἰατρός
340 3134 458 3175 τε-ιι.π.,
477 3116 574 3166 inserto
591 3116 709 3179 articulo,
761 3116 790 3165 si
817 3132 936 3166 revera
960 3116 1117 3181 Gorgias,
1146 3121 1182 3166 ut
1209 3122 1243 3165 tu

222 3202 283 3238 vere
309 3185 415 3236 monuit
439 3183 613 3235 Buttmannus
647 3184 709 3234 huie
760 3183 889 3248 quidem
907 3183 965 3247 ais,
982 3186 1085 3234 maius
1104 3181 1243 3248 aliquod

222 3255 390 3307 coniecturae
407 3252 509 3303 obstare
530 3252 645 3318 positum
666 3267 710 3302 vo·
760 3249 878 3301 bonum
912 3267 992 3301 suae
1021 3253 1105 3301 artis
1138 3256 1242 3301 osten-

222 3322 300 3373 eulae
319 3338 360 3380 rs,
386 3335 452 3386 qnae
470 3321 507 3369 ita
524 3319 650 3370 collocari
667 3318 709 3368 de·
760 3318 841 3370 dore
858 3320 970 3383 possit
1013 3319 1123 3383 Apolog.
1142 3318 1242 3368 Soorat.

221 3390 322 3441 buerit:
339 3385 394 3438 dre
409 3387 499 3452 latoris
513 3387 555 3438 uei
569 3405 595 3438 π.
608 3387 710 3452 Olym·
759 3403 784 3451 p.
803 3385 845 3436 25.
863 3388 897 3435 B:
925 3382 1005 3452 πολλὴ
1021 3384 1071 3451 γὰρ
1090 3383 1124 3433 ἄν
1142 3403 1178 3436 τις
1196 3382 1241 3434 εὕ-

221 3456 402 3523 piodorus:
421 3451 466 3506 τὸν
477 3454 652 3520 παιδοτρίβην
665 3471 709 3516 με·
761 3453 882 3515 δαιμονία
910 3454 952 3518 εἴη
976 3454 1036 3515 περὶ
1067 3450 1127 3504 τοὺς
1156 3451 1241 3510 νέους,

223 3522 253 3575 τὰ
276 3521 325 3574 τὸν
349 3518 442 3588 ἰατρὸν
464 3517 554 3582 εἶπεν,
580 3519 669 3590 ἐπειδὴ
694 3517 710 3573 ὁ
760 3521 787 3570 el
807 3517 847 3573 eis
873 3521 921 3581 μὲν
949 3520 1030 3582 μόνος
1059 3517 1155 3572 αὐτοὺς
1184 3517 1240 3569 δια-

222 3592 273 3654 μὲν
291 3587 384 3656 ἰατρὸς
402 3591 462 3654 περὶ
487 3591 644 3655 τὰστοιχεῖα
662 3586 708 3641 ον’-
762 3590 891 3654 orielem,
909 3587 938 3638 oi
955 3585 976 3638 δ’
996 3584 1065 3639 ἄλλοι
1082 3584 1240 3651 ὠφελοῦσιν.

223 3657 254 3710 τὰ
271 3655 332 3710 καθ’
348 3654 430 3709 ἑαυτὰ
446 3661 628 3724 καταγίγνοται,
645 3653 660 3707 ὁ
680 3657 710 3708 δὲ
759 3657 827 3706 Ibid.
844 3673 869 3721 p.
887 3654 929 3708 30.
946 3658 976 3706 Β.
993 3672 1018 3721 p.
1032 3654 1074 3708 37.
1087 3657 1117 3706 Β.
1137 3656 1179 3718 ei,
1197 3655 1242 3719 qui

220 3725 397 3792 παιδοτρίβης
419 3727 479 3791 περὶ
508 3725 555 3793 τὴν
579 3723 710 3776 σύνθεσιν
760 3724 812 3775 1οοὶ
829 3724 891 3774 huie
907 3730 996 3774 nostro
1020 3725 1090 3774 omni
1113 3740 1147 3773 ex
1168 3729 1242 3788 parte

220 3791 311 3847 αὐτῶν
332 3794 377 3845 καὶ
397 3791 443 3859 τὴν
467 3791 572 3844 τοιόνδε
594 3798 647 3843 τοῖν
663 3810 709 3855 po·
760 3793 858 3843 similes
876 3799 943 3842 sunt.
965 3792 1093 3856 Loquitur
1110 3806 1242 3856 veropae-

223 3867 292 3929 ρι’ων
320 3859 463 3928 συνθήκην
491 3862 534 3912 καὶ
562 3858 589 3910 τὸ
618 3858 709 3913 nciiios
760 3860 873 3912 ‹lotribes
890 3862 935 3923 ita,
952 3867 981 3909 nt
992 3860 1158 3910 collocutoris
1172 3875 1243 3908 men·

222 3926 321 3981 αὖτῶν.
345 3946 372 3980 ν.
395 3929 428 3980 ad
451 3926 549 3980 Criton.
571 3944 596 3994 p.
614 3926 656 3979 47.
679 3929 708 3978 Β.
759 3933 812 3978 tem
838 3929 924 3992 potius
953 3944 1030 3992 quam
1058 3944 1131 3977 suam
1160 3925 1242 3991 ipsius

408 4032 411 4037 .
457 4049 459 4054 ,
760 3995 909 4060 opinionem
925 3996 1055 4061 respiciat.
1090 3993 1243 4045 Germanice

256 4065 287 4115 B.
305 4065 340 4115 a!
357 4078 407 4114 σοι
425 4063 491 4128 ἔχοι
508 4060 709 4129 heylas-J
759 4079 866 4129 prorsus
900 4063 991 4115 eodem
1021 4061 1097 4112 modo
1132 4061 1242 4111 dixeris:

220 4132 306 4183 Inviti
327 4146 414 4198 paene
437 4131 564 4182 eessimus
585 4130 710 4181 librorum
768 4130 899 4180 Wundern
916 4130 1004 4180 werde
1025 4130 1092 4180 auch
1108 4129 1150 4179 ioh
1167 4127 1242 4191 mich,

222 4200 378 4251 auctoritati
402 4201 545 4265 optativum
571 4214 617 4264 pro
644 4197 710 4248 indi·
760 4214 833 4248 aeeon
851 4197 960 4263 Θουρίου
981 4196 1096 4247 wirunt
1117 4197 1158 4246 tin
1173 4200 1243 4261 ρνὸι-

223 4269 312 4319 oativo
331 4267 383 4332 ἔχει
405 4266 485 4330 vulgo
507 4267 650 4333 perscripto
667 4282 710 4315 ex·
760 4281 828 4315 aerea
846 4264 900 4315 Gur
921 4264 1054 4330 assedam
1074 4263 1153 4313 Ιιοιιπ
1193 4262 1244 4313 Sed

220 4334 381 4387 hibentium.
414 4334 483 4386 Nam
499 4333 641 4386 indioativo
659 4349 711 4384 ser·
761 4350 786 4382 v.
804 4331 837 4382 ad
854 4332 965 4398 Apolog.
981 4349 1010 4398 p.
1024 4330 1067 4383 25.
1084 4331 1114 4382 O.
1131 4332 1245 4381 Matth.

221 4409 286 4454 vato
303 4402 356 4454 hoe
373 4401 482 4454 dieitur:
504 4403 607 4454 Mirer
624 4416 710 4465 sane,
762 4401 806 4452 (ir.
826 4401 850 4461 §-
868 4397 968 4451 5241.

280 4501 609 4554 meoparonem
1028 4496 1045 4551 7
