3242 5259
364 604 424 659 318

780 599 975 660 PLATONIS

363 765 454 837 λάκις
473 771 688 846 κατηγοροῦσι
707 766 773 827 τοῖν
793 766 960 845 μαθητῶν,
985 763 1029 837 ὡς
1049 757 1198 826 ἀδικοῦσι
1218 773 1307 843 σφοῖς
1327 756 1380 826 αὐ-

364 860 440 935 τοὺς
465 861 542 934 τούς
569 883 603 924 τε
630 860 769 942 μισθοὺς
798 853 1050 941 ἀποστεροῦντες
1078 860 1131 924 καί
1158 863 1261 942 ἀλλην
1286 862 1381 942 χάριν

365 954 427 1024 οὐκ
454 952 680 1035 ἀποδιδόντες,
709 953 744 1022 εὖ
773 959 935 1032 παθόντες
963 958 1017 1022 ὑπ’
1047 951 1165 1021 αὐτοῖν.
1186 957 1242 1022 καὶ
1261 959 1381 1025 τούτου

307 1056 339 1120 Ι)
361 1064 421 1122 τοῦ
448 1059 549 1139 λόγον
577 1058 608 1121 τί
636 1056 677 1119 διν
707 1052 911 1137 ἀλογώτερον
932 1056 980 1138 εἴη
1001 1066 1150 1138 πρᾶγμα,
1180 1049 1382 1136 ἀνθρώπους

364 1151 509 1238 ἀγαθοὺς
544 1155 597 1219 καί
631 1154 777 1227 δικαίους
809 1151 1023 1236 γενομένους,
1067 1152 1289 1234 έξαιρεθέντας
1323 1153 1381 1238 μὲν

364 1247 493 1318 ἀδικίαν
519 1253 584 1317 ὑπὸ
613 1263 673 1316 τοῦ
700 1252 912 1327 διδασκάλου,
942 1252 1076 1333 σχόντας
1104 1251 1139 1315 δὲ
1159 1252 1379 1335 δικαιοσύνην,

363 1346 486 1416 ἀδικεῖν
505 1352 627 1437 τούτῳ,
657 1347 675 1414 ὃ
698 1344 759 1413 οὐκ
780 1346 925 1432 ἔχουσιν,
947 1351 987 1413 οὐ
1008 1350 1099 1413 δοκεῖ
1117 1367 1169 1413 σοι
1188 1360 1288 1414 τοῦτο
1310 1355 1380 1416 ἄτο-

363 1472 427 1516 πον
445 1444 538 1527 εἶναι,
561 1441 587 1512 ὦ
606 1447 726 1526 ἑταῖρε,Ι
742 1440 801 1522 Ὡς
819 1441 948 1531 ἀληθῶς
967 1447 1162 1529 δημηγορεῖν
1182 1471 1222 1530 με
1241 1449 1380 1532 ήνάγκα-

363 1563 431 1624 σας,
455 1540 479 1611 ὦ
503 1534 699 1623 Καλλίκλεις,
720 1539 782 1609 οὐκ
803 1542 926 1609 ἐθέλων
945 1540 1186 1626 ἀποκρίνεσθαι,

428 1646 508 1737 Gap.
531 1646 672 1713 LXXV.
725 1645 829 1706 ΚΑΛ.
868 1643 921 1706 Σίν
949 1644 978 1706 δ’
1006 1637 1067 1707 οὐκ
1097 1644 1139 1707 διν
1167 1637 1237 1718 οἷός
1265 1645 1292 1707 τ’
1319 1645 1381 1727 εἴης

362 1745 473 1831 λέγειν,
506 1748 533 1811 εί
552 1749 595 1829 μή
616 1747 664 1820 τίς
685 1759 736 1809 σοι
757 1743 986 1825 ἀποκρίνοιτο;
1017 1739 1223 1809 mistione
1242 1768 1298 1828 νε·
1320 1757 1380 1809 νῦν

312 1852 341 1917 Ε
363 1856 446 1927 γοῦν
467 1844 606 1928 συχνοὺς
626 1845 719 1907 τείνω
739 1848 806 1907 τῶν
826 1845 941 1924 λόγων,
962 1842 1078 1927 ’ἐπειδή
1099 1866 1155 1925 μοι
1177 1838 1240 1907 οὐκ
1261 1843 1380 1918 ἐθέλεις

363 1937 606 2030 ἀποκρίνεσθαι.
629 1937 706 2019 ἀλλ’,
729 1934 878 2024 ἀν’ναθέ,
901 1941 966 2005 είπὲ
986 1943 1067 2023 πρὸς
1089 1942 1208 2023 φιλίου,
1233 1943 1274 2006 οὐ
1296 1942 1382 2007 δοκεῖ

413 2128 447 2177 D.
474 2124 567 2178 dorin
585 2125 758 2193 ἔχουσιν]
750 2144 769 2175 οι
762 2117 900 2176 dativum
911 2127 1037 2209 praebent
1047 2127 1106 2175 Par
1119 2125 1211 2176 IVW.
1229 2127 1301 2176 Flos.
1311 2125 1336 2177 h.
1346 2143 1379 2188 ι,

363 2197 455 2247 restitu
438 2201 509 2245 utum
527 2195 603 2245 illum
621 2195 778 2246 eBckkero.
814 2190 1012 2243 Hermannus'*
998 2212 1012 2243 o
1031 2193 1202 2243 concinnitati
1219 2195 1304 2260 magis
1322 2209 1380 2244 con·

363 2266 452 2314 venire
466 2264 619 2325 arbitratur,
636 2279 683 2313 nos
698 2262 876 2314 attractionem
890 2268 1011 2327 putamus
1028 2263 1151 2312 omissam
1168 2277 1233 2324 csse,
1251 2270 1282 2312 ut
1299 2260 1378 2328 τονίῳ

365 2349 507 2399 pronomen
524 2332 552 2381 vi
569 2339 595 2383 ct
610 2333 738 2398 gravitate
757 2331 818 2396 plus
834 2330 939 2396 polleat.

367 2508 393 2553 ct
410 2503 478 2553 Ast.
497 2500 634 2553 delendum
653 2505 769 2551 censent.
785 2500 845 2551 Non

367 2573 500 2622 assentior.
534 2570 624 2634 Neque
648 2569 718 2619 enim
741 2570 797 2619 sine
819 2569 847 2616 vi

367 2640 463 2690 dicitur
476 2653 521 2688 eos
532 2639 663 2701 conqueri,
680 2637 749 2702 quod
767 2641 848 2686 semet

367 2709 446 2773 ipsos,
469 2707 606 2771 magistros
622 2706 735 2767 virtutis,
751 2706 848 2754 iniuste

366 2781 485 2826 tractent.
523 2775 616 2824 Latine
640 2774 704 2823 haec
724 2776 848 2854 interpre-

366 2845 440 2894 terie:
475 2858 547 2893 nam
581 2842 720 2898 uirtutis
750 2843 846 2906 magi·

367 2918 465 2963 stros
500 2924 581 2959 ecsc
611 2910 846 2974 profitentes

366 2992 629 3042 saepenumero
665 2981 847 3026 accusant

366 3042 594 3110 discipulos,
626 3044 721 3125 quod
748 3045 846 3125 ipsis

366 3114 455 3165 adeo
477 3112 679 3162 inferant
671 3113 846 3175 iniuriam,

367 3183 422 3247 qui
440 3188 546 3231 tamen
562 3196 618 3230 cos
632 3179 671 3230 ad
685 3181 845 3230 virtutem

365 3251 592 3302 formaverint
628 3250 663 3299 Et
685 3254 774 3299 tenent
797 3245 844 3299 αό-

366 3315 426 3372 rode
447 3317 510 3368 libri
526 3333 623 3370 omncs.
647 3318 714 3367 conf.
732 3317 845 3368 Schoe-

364 3403 467 3438 mann.
489 3385 522 3436 ad
543 3386 646 3436 Isaeum
669 3402 694 3451 p.
713 3384 770 3437 185.
796 3386 845 3436 El·

364 3456 463 3509 lendt.
481 3454 514 3505 sd
531 3455 633 3505 Arrian.
650 3455 671 3505 1.
688 3470 713 3519 p.
730 3452 772 3505 48.

398 3590 451 3640 καί
476 3587 593 3639 τούτου
618 3593 673 3638 τοῦ
698 3586 797 3654 λόγον
817 3591 848 3637 τί

365 3655 404 3708 dv
422 3655 464 3709 ἀλ
472 3656 480 3724 l
497 3658 538 3707 Et
555 3655 756 3721 quidpotest
770 3671 845 3706 osse

364 3727 424 3777 hac
466 3730 538 3775 orat
545 3726 619 3774 ione
655 3722 844 3785 absurdius,

365 3795 514 3844 hominos
544 3790 648 3841 bonos
677 3797 708 3839 et
735 3791 845 3842 iustos

365 3863 488 3922 factos,
517 3859 683 3909 liberatos
707 3873 764 3922 per
785 3873 844 3907 ms·

326 3958 328 3962 >
364 3932 504 3996 gistrum
528 3926 565 3977 ab
583 3926 771 3988 iniustitia,
794 3941 845 3974 na·

365 4004 435 4049 ctos
464 4011 540 4046 vero
573 3994 753 4057 iustitiam,
788 4009 845 4058 per

365 4065 450 4116 illud
479 4063 580 4115 alteri
611 4063 770 4113 iniuriam
800 4063 845 4110 in-

365 4134 465 4195 ferre,
498 4126 582 4197 quud
615 4147 676 4182 non
705 4131 844 4181 habent?

365 4203 415 4252 Pro
449 4200 492 4251 καί
527 4198 780 4250 Heindorfiue
820 4204 846 4247 et

365 4270 425 4319 Ast
431 4269 482 4319 ius
506 4272 587 4319 καίτοι
605 4269 762 4333 scripserunt
778 4267 845 4315 invi·

365 4338 399 4387 tre
410 4336 552 4390 codicibus
578 4337 640 4388 Noh
648 4336 752 4386 rmrtarr
778 4335 845 4386 Nam

365 4419 442 4470 sscpc
459 4407 505 4455 καί
518 4406 547 4455 iu
562 4405 689 4471 principio
707 4403 846 4456 senteutia-

896 2517 954 2551 rum
966 2501 1005 2551 sic
1019 2516 1077 2549 cum
1094 2500 1122 2550 vi
1138 2500 1261 2566 positum,
1279 2499 1380 2565 quando

897 2569 932 2631 id,
956 2567 1025 2634 quod
1041 2568 1258 2633 praecedentibus
1276 2569 1381 2634 opponi·

898 2644 999 2700 tur,a
983 2636 1086 2686 additur
1111 2638 1161 2699 sic,
1192 2642 1222 2685 ut
1246 2652 1381 2702 argumen-

898 2707 962 2755 tatio
979 2705 1100 2755 inchoata
1119 2704 1197 2754 simul
1214 2707 1381 2754 continuetur

899 2780 925 2824 et
951 2771 1108 2823 absolvatur.
1140 2772 1251 2856 Apolog.
1281 2773 1380 2823 Socrat

897 2858 922 2907 p
941 2840 982 2891 29.
1000 2842 1034 2890 B:
1062 2836 1121 2891 οἶδε
1143 2841 1193 2907 γὰρ
1219 2836 1311 2893 οὐδεὶς
1335 2839 1381 2891 τόν

898 2906 1066 2959 θάνατον-
1032 2927 1115 2958 οτι
1125 2925 1249 2975 μεγιστου
1267 2915 1320 2960 τῶν
1337 2927 1379 2959 uo·

898 2981 953 3028 univ
982 2976 1044 3027 dors.
1070 2976 1113 3026 καί
1143 2982 1218 3027 τοῦτο
1249 2982 1305 3030 πολε
1333 2974 1380 3028 οὐκ

897 3041 999 3106 ἀμαθια
1026 3044 1097 3095 ἐστίν
1123 3042 1187 3110 αὕτη
1215 3040 1231 3110 ἡ
1254 3044 1381 3095 ἐπονείδι-

899 3129 971 3174 στοε,·
989 3112 1035 3163 ubi
1045 3129 1071 3162 v.
1081 3120 1167 3163 annot.
1195 3113 1298 3164 Deinde
1316 3130 1379 3164 cave

896 3186 956 3247 poet
977 3182 1020 3246 εἴη
1042 3185 1147 3246 πρᾶγμα
1169 3181 1290 3230 voculam
1309 3179 1326 3248 ἢ
1343 3184 1379 3231 in·

897 3265 968 3300 serae
1010 3256 1055 3299 aut
1092 3265 1153 3299 cum
1186 3250 1378 3300 Matthiaeo

897 3335 922 3383 p.
945 3314 1003 3368 846.
1036 3326 1063 3367 et
1090 3317 1318 3368 Schoemenno
1347 3317 1378 3368 ad

896 3387 1035 3450 Isaeump
1046 3382 1103 3436 188
1118 3386 1240 3435 omissam
1258 3387 1378 3451 opineris.

898 3455 995 3534 Quum
1010 3455 1078 3503 cuim
1105 3454 1180 3503 hacc:
1213 3454 1256 3503 καί
1286 3472 1377 3505 τουτον

897 3527 943 3572 τοῦ
965 3517 1044 3588 λόγον
1063 3539 1084 3571 τι
1103 3518 1137 3570 ἀν
1154 3516 1366 3588 ἀλογώτερον”
1338 3540 1378 3607 ειη

897 3593 1017 3673 πρᾶγμα,
1033 3589 1101 3639 idem
1119 3590 1172 3639 sint
1189 3590 1258 3654 quod
1276 3592 1366 3640 καί
1335 3581 1378 3640 od·

897 3674 939 3709 τοε
962 3653 977 3707 c‘
1001 3654 1076 3723 λόγον
1098 3653 1292 3742 ἀλογώτατοε
1275 3678 1311 3708 αν
1328 3660 1377 3723 εἴη,

897 3727 960 3775 eatis
988 3731 1094 3809 apparet
1118 3727 1183 3775 ista:
1213 3721 1378 3809 ἀνθρώπους

896 3789 1052 3858 ἀγαθούεκ.
1068 3813 1086 3842 τ.
1100 3795 1141 3852 λ,
1147 3795 1203 3843 sinc
1222 3790 1238 3860 ἢ
1256 3794 1378 3859 subiungi

895 3862 1019 3945 potuisse.
1045 3861 1088 3911 Sic
1105 3863 1240 3912 Lucian.
1259 3862 1378 3913 Abdicat.

897 3927 927 3979 l:
946 3920 978 3979 οά
997 3931 1023 3978 τί
1036 3925 1128 3995 γένοιτ’
1149 3926 1183 3979 ἀν
1200 3925 1377 4014 ἀτοπώτερον,

896 3994 1060 4059 θεραπεύειν
1072 3996 1100 4047 ἐκ
1112 3995 1305 4063 κροοτάγματοε
1318 3995 1377 4048 οὐκ·

898 4060 984 4114 ε’θ)’
965 4082 999 4117 ωε
1023 4060 1039 4131 ἡ
1060 4064 1135 4151 τέχνη
1151 4064 1288 4130 θρυλεῖται
1313 4067 1339 4116 h.
1355 4081 1376 4116 c

897 4137 971 4182 τοῦτο
995 4132 1026 4182 δέ
1044 4131 1135 4198 γένοιτ’
1153 4131 1188 4184 ἄν
1205 4131 1376 4193 ἀτοπώτατον,

896 4197 1060 4264 θεραπεύειν
1079 4204 1128 4252 κτλ.
1152 4204 1219 4253 conf.
1236 4203 1377 4254 Fritsch.

897 4268 1013 4330 Quaeett.
1038 4268 1102 4319 Luc
1125 4269 1215 4335 p.19.
1255 4272 1377 4322 Eiusdem

896 4337 949 4387 iere
971 4337 1074 4402 generis
1091 4344 1153 4388 eunt
1169 4355 1237 4404 quac
1254 4342 1330 4406 attigi
1346 4339 1377 4390 ad

895 4403 1045 4472 ρ...0000
