3242 5259
558 599 742 659 GORGIAS.
764 601 796 658 P.
821 601 891 659 487.
913 602 957 660 ed.
981 602 1023 660 St.
1239 609 1298 664 213

286 768 389 825 ταῦτα
418 760 489 841 περὶ
509 766 574 826 τῶν
594 763 759 843 μεγίστων.
790 756 831 825 σὺ
853 762 1007 827 δὲταῦτα
1028 766 1133 828 πάντα
1153 763 1249 848 έχεις,
1278 769 1299 829 ll

285 860 318 922 οῖ
347 864 439 923 ἄλλοι
467 861 527 922 οὐκ
556 856 678 941 έχουσι·
710 860 922 924 πεπαίδευσαί
949 884 981 925 τε
1008 861 1070 944 γὰρ
1092 863 1225 937 ἱκανῶς,
1256 863 1300 939 ὡς

284 956 399 1023 πολλοὶ
430 956 471 1019 διν
491 958 628 1039 φήσαιεν
647 950 846 1039 Ἀθηναίων,
875 957 928 1022 καὶ
950 957 1019 1041 ἐμοὶ
1041 954 1072 1022 εί
1091 963 1214 1032 εὔνους.
1236 962 1299 1024 τίνι

282 1055 442 1140 τεκμηρίῳ
462 1058 602 1137 χρωμαις
624 1051 686 1135 ἐγώ
708 1069 758 1119 σοι
780 1054 849 1137 ἐρῶ.
873 1051 946 1120 οῖδα
967 1057 1050 1139 ὑμᾶς
1070 1053 1141 1139 ἐγώ,
1164 1046 1190 1120 αῖ
1212 1061 1297 1121 Καλ-
1321 1059 1347 1126 C

283 1154 418 1226 λίκλεις,
445 1153 595 1230 τέτταρας
625 1155 734 1226 ὄντας,
763 1154 942 1228 κοινωνοὺς
970 1156 1143 1235 γεγονότας
1170 1157 1297 1236 σοφίας,

283 1247 318 1313 σέ
348 1273 381 1314 τε
413 1249 466 1315 καὶ
493 1249 674 1329 Τίσανδρον
703 1247 760 1312 τὸν
777 1243 966 1330 Ἀφιδναῖον
986 1249 1040 1315 καί
1053 1247 1219 1333 ’Ἄνδρωνα
1240 1254 1298 1317 τὸν

279 1343 511 1427 Ἀνδροτίωνος
538 1347 592 1410 καὶ
620 1348 835 1430 Ναυσικύδην
855 1351 913 1411 τὸν
936 1349 1111 1430 Χολαργέα.
1146 1352 1200 1414 καί
1220 1373 1297 1416 ποτε

284 1446 377 1528 ὑμῶν
412 1442 474 1526 ἐγὼ
516 1443 681 1527 ἐντήκουσα
720 1445 967 1528 βουλευομένων
1002 1444 1092 1530 μέχρι
1130 1443 1204 1512 ὅποι
1237 1449 1297 1530 τὴν

282 1544 406 1623 σοφίαν
427 1542 583 1625 οίσκητέον
599 1544 657 1626 εἴη,
679 1542 732 1606 καὶ
753 1538 837 1617 οῖδα,
860 1539 909 1607 ὅτι
930 1542 1019 1608 ἐνίκα
1041 1543 1076 1607 έν
1095 1545 1174 1627 ὑμῖν
1192 1548 1298 1610 τοιάδε

281 1664 330 1715 τις
348 1641 433 1717 δόξα,
454 1639 497 1723 με]
515 1645 757 1721 προθυμεῖσθαι
772 1642 816 1715 είς
830 1640 889 1724 τὴν
909 1643 1075 1722 ἀκρίβειαν
1096 1647 1297 1724 φιλοσοφεῖν,

281 1738 362 1802 α’λλὰ
377 1739 583 1819 εὐλαβεῖσθαι
600 1738 849 1821 παρεκελεύεσθε
864 1740 1021 1820 ἀλλήλοις,
1043 1733 1130 1813 ὅπως
1148 1738 1192 1822 μὴ
1214 1738 1294 1821 πέρα
1315 1744 1347 1807 D

279 1847 341 1901 τοῦ
370 1833 500 1910 δέοντος
526 1831 707 1916 σοφοῖτεροι
733 1837 901 1916 γενόμενοι
927 1838 1035 1918 λήσετε
1056 1836 1297 1918 διαφθαρέντες.

281 1933 391 2016 ἐπειδὴ
407 1928 468 1997 οὖν
485 1949 546 1997 σου
561 1935 670 1998 οίκούω
691 1943 790 1996 ταῦτα
813 1931 882 2014 ἐμοὶ
904 1934 1195 2016 συμβουλεύοντος,
1217 1935 1297 2016 ίίπερ

279 2119 402 2185 plurimis
415 2117 524 2168 Fritseh.
539 2118 654 2179 Quaestt.
666 2117 792 2179 Luciann.
805 2133 830 2184 p.
841 2118 939 2166 XXXI.
952 2124 978 2168 et
989 2119 1130 2168 Hermann.
1145 2118 1177 2168 ad
1186 2119 1296 2168 Lucian.

280 2189 321 2237 Da
339 2187 430 2237 histor.
447 2184 574 2236 conscrib.
592 2202 616 2250 p.
634 2182 676 2236 27.

335 2254 365 2304 Ο.
401 2251 573 2319 ἐπήκουσα
595 2250 871 2319 βουλευομένων]
895 2254 926 2303 V.
947 2249 1095 2318 ὑπήκουσα,
1119 2251 1188 2318 quod
1205 2269 1251 2318 per
1269 2268 1296 2303 se

279 2329 386 2373 nonest
399 2322 522 2386 ineptum.
545 2319 633 2371 Habet
645 2322 714 2369 enim
727 2319 824 2369 talibus
841 2321 869 2369 in
886 2321 951 2370 locis
968 2322 1022 2371 vim
1039 2327 1065 2370 et
1082 2320 1295 2386 significationem

280 2391 368 2440 olam
387 2387 608 2439 auscultandi
626 2387 810 2453 (belauaobeu).
836 2389 886 2438 Sed
905 2388 992 2438 Clark.
1009 2390 1068 2439 Vat.
1088 2389 1167 2439 Coisl.
1185 2389 1249 2438 Ven.
1265 2387 1296 2439 Σ.

281 2457 361 2508 Vind.
385 2455 408 2506 1.
427 2456 451 2507 2.
469 2455 495 2508 6.
512 2453 542 2516 7.,
564 2457 621 2506 Par.
645 2455 792 2505 nslvw.
821 2456 890 2506 Flor.
912 2457 930 2505 f.
954 2472 974 2506 s.
1000 2458 1068 2521 Aug.
1094 2456 1167 2506 Bodl.
1190 2457 1296 2506 Moerm.

281 2522 419 2592 ἐπήκουσα
449 2524 581 2589 praebent.
616 2524 673 2586 Quo
700 2530 804 2588 recepto
834 2524 953 2573 Socrates
980 2539 1007 2574 se
1033 2524 1165 2590 signifieat
1187 2523 1296 2574 affuisse

279 2609 370 2644 eorum
386 2594 499 2642 sermoni
516 2607 626 2656 eumque
644 2593 793 2655 nentiquam
811 2591 880 2641 olam
898 2591 1036 2654 audivisse,
1055 2592 1100 2642 sed
1117 2591 1254 2657 diligenter
1271 2599 1296 2642 et

278 2661 403 2712 lubenter
424 2660 456 2710 ad
480 2676 539 2710 eum
562 2658 710 2710 attendisse.
734 2675 758 2709 v.
778 2659 867 2708 Cobet
885 2661 967 2709 Novv.
985 2661 1068 2710 Leott.
1091 2676 1116 2725 p.
1133 2657 1191 2712 521.
1226 2660 1297 2719 Dein

278 2737 341 2779 vett.
361 2728 432 2778 editt.
451 2725 536 2791 μέχρις
554 2724 622 2786 ὅκοι,
640 2727 709 2792 quod
727 2744 760 2776 ox
778 2726 866 2776 Clark.
884 2728 943 2776 Vat.
961 2727 1040 2778 Coisl.
1057 2728 1117 2778 aliis
1134 2727 1223 2777 multis
1241 2743 1296 2779 eor-

279 2798 404 2847 reximus.
422 2812 446 2843 v.
466 2795 499 2844 ad
511 2796 629 2859 Sympos.
647 2810 669 2845 o.
688 2792 729 2844 29.
764 2795 872 2844 Frustra
889 2795 1064 2858 Heindorfius,
1081 2802 1195 2846 veterum
1212 2812 1297 2860 gram·

278 2866 433 2914 matioorum
452 2862 501 2913 hee
520 2862 551 2912 de
568 2878 596 2912 re
613 2863 838 2928 praeceptionibus
856 2861 964 2924 diffisus,
987 2862 1075 2927 μέχρις
1091 2860 1150 2914 ὅκοι
1167 2863 1295 2918 tuebatur.

278 2932 447 2996 Hirsohigius
465 2930 628 2980 scribendum
646 2936 734 2980 censet
751 2929 823 2994 μέχρι
841 2927 909 2981 διον.

278 3135 334 3194 γεῖς
354 3127 425 3176 fuere
443 3125 494 3175 duo
512 3126 612 3176 Atticae
630 3126 703 3190 pagi,
727 3125 764 3174 al·
817 3124 907 3187 τετε]
935 3126 1060 3174 Futurum
1078 3132 1136 3190 post
1153 3126 1233 3176 verba
1249 3141 1295 3176 aa·

277 3205 316 3246 ter
335 3194 419 3244 tribus
436 3192 590 3255 Aeantidos‚
614 3192 680 3243 alter
696 3194 763 3242 Aea·
814 3192 913 3241 vendi
933 3198 959 3241 et
982 3194 1148 3243 metuendi
1171 3195 1203 3244 de
1225 3210 1296 3244 more

278 3262 416 3314 mentidos.
445 3261 495 3311 vid.
525 3261 605 3311 schol.
632 3261 665 3310 ad
691 3262 715 3310 h.
745 3260 762 3309 l.
814 3260 934 3324 positum.
951 3277 976 3310 ν.
994 3260 1125 3310 Phaedon.
1142 3278 1166 3325 p.
1184 3260 1226 3312 91.
1244 3261 1273 3312 G.

278 3329 454 3381 Andronis
479 3329 555 3378 etiam
578 3332 606 3378 in
629 3329 762 3394 Protagor.
849 3333 946 3378 ταῦτα
970 3325 1044 3387 ἐμοὶ
1066 3327 1175 3394 συμβ]
1200 3345 1295 3393 quum

278 3417 302 3466 p.
321 3397 380 3450 315.
401 3397 429 3447 G.
447 3397 544 3447 mentio
561 3396 597 3446 fit.
814 3400 844 3443 te
861 3394 990 3444 audiam
1008 3410 1044 3444 ea
1062 3395 1098 3458 (h.
1114 3411 1136 3444 e.
1154 3396 1234 3446 haee
1253 3401 1296 3445 ta-

814 3461 871 3526 lia)
890 3462 971 3512 mihi
986 3462 1195 3525 suadentem,
1214 3478 1295 3527 quae

814 3530 1035 3580 amicissimis
1064 3530 1128 3580 tibi
1157 3530 1295 3581 homiui·

814 3599 872 3646 bus
907 3598 1048 3648 suadere
1087 3599 1183 3648 soles.
1235 3599 1294 3647 Non

814 3681 879 3730 opus
902 3670 954 3726 est,
976 3673 1006 3715 ut
1028 3662 1104 3715 sudrei
1127 3666 1295 3732 corrigamus,

814 3731 882 3796 quod
912 3733 1048 3783 Fioinus
1074 3733 1197 3784 habuisse
1226 3733 1296 3784 vide·

812 3806 862 3862 tur,
881 3816 1037 3865 quemquam
1050 3802 1196 3867 interpretis
1212 3802 1239 3850 iu
1258 3807 1295 3850 ta-

313 3498 363 3550 είς
389 3493 445 3561 τὴν
469 3493 652 3561 ἀκρίβειαν
672 3498 761 3558 φιλο·

279 3564 423 3631 σοφεῑν]
452 3581 517 3615 non
546 3564 578 3613 id
604 3580 676 3614 esse
699 3571 764 3614 stu·

277 3634 431 3694 dandum,
470 3638 505 3682 ut
539 3631 578 3682 ad
612 3631 762 3696 philoso-

276 3704 380 3769 phiae
403 3699 632 3750 subtilitatem
657 3713 762 3764 usque

277 3769 527 3836 perveniretur,
554 3766 599 3817 sed
622 3767 762 3817 subsisten-

276 3840 339 3888 dum
347 3839 374 3887 5¹1
384 3853 423 3898 ³⁰2
432 3835 501 3901 (1¹²0d
510 3834 628 3887 muium
636 3831 762 3898 κάρψω
812 3868 882 3917 libus
893 3870 989 3934 exigua
1000 3876 1040 3919 est
1057 3876 1103 3919 aut
1119 3871 1205 3934 potius
1222 3869 1296 3920 nulla

277 3906 420 3958 ⁰³⁸⁸⁸⁷i¹¹m
435 3903 573 3984 fiderem:
592 3903 635 3986 Βία
650 3903 760 3987 Euiil'·
813 3938 960 3986 auctoritas.
986 3938 1130 4001 Utrumque
1147 3943 1233 3986 autem
1250 3952 1296 4001 per

276 3976 344 4024 Heu.
362 3990 387 4021 v.
405 3969 468 4023 817:
487 3972 572 4020 πείθοι
591 3968 762 4020 δε-ουδεν
813 4020 841 4052 se
869 4010 938 4054 recte
967 4003 1019 4054 dici
1044 4007 1141 4069 potuit,
1171 4012 1197 4054 et
1219 4009 1296 4054 mm

277 4061 297 4093 τι
311 4042 410 4102 μᾶλλον
422 4037 455 4091 ἐς
470 4036 560 4091 τέλος
578 4035 762 4100 σπουδάζομεν
820 4069 831 4086 ι.

994 4067 1000 4089 i
1022 4070 1028 4087 t
1061 4069 1072 4086 u

276 4105 437 4171 μανθάνειν,
452 4104 498 4156 nbi
511 4104 538 4157 ἐς
551 4104 620 4158 τέλος
631 4107 712 4165 aare.
724 4110 763 4154 est
813 4088 880 4135 “⁷⁶⁰9
906 4077 932 4121 et
955 4089 1032 4187 “wig
1056 4089 1138 4136 Μεθ’
1162 4078 1193 4153 ΪῙ]
1208 4087 1295 4136 ‘'ape‘'

277 4177 430 4242 perfecte
459 4190 479 4223 s.
499 4172 599 4225 ’τελέως
622 4172 761 4223 discere.
812 4154 955 4188 maneum
988 4155 1014 4188 Ἦ
1033 4145 1106 4189 ⁰³th
1133 4156 1171 4189 ¹⁸¹
1197 4155 1242 4204 90¹
1268 4156 1296 4190 ΒΘ

277 4242 431 4307 Aesohyl.
442 4242 527 4291 Prom.
536 4238 600 4292 230:
615 4236 651 4293 νίς
662 4237 762 4306 μάθητε
813 4206 1137 4339 {gffeffienexgnffis
1148 4223 1295 4326 θὲἒδὲίὲξῖέῗ·

277 4310 320 4363 διὰ
339 4311 428 4362 τέλους
446 4306 473 4358 ’ὁ
492 4314 554 4358 m
812 4340 922 4391 isadeat
935 4341 1107 4391 Heindorf.
1120 4312 1295 4396 adPhaodont

311 4414 347 4466 D.
379 4411 470 4464 ὅπως
495 4409 534 4476 νὴ
558 4408 641 4475 τίον
658 4436 691 4447 -
713 4406 762 4474 λη’·
812 4426 838 4475 p.
855 4406 896 4460 64.
915 4409 944 4460 c.
966 4409 999 4461 ιο
1017 4409 1129 4475 Sophiae
1146 4426 1172 4477 p.
1189 4409 1247 4463 217.
1265 4412 1295 4462 B.
