3242 5259
494 616 678 679 GORGIAS.
701 621 734 678 P.
757 619 828 679 457.
852 626 922 680 458.
944 624 988 681 ed.
1012 623 1055 683 St.
1240 630 1297 688 117

279 776 344 860 ἐγὼ
374 773 455 856 οὖν,
487 780 513 843 εἰ
540 777 599 862 μέν
627 781 679 843 καὶ
708 781 749 845 σὺ
778 776 809 846 εἶ
826 787 893 847 τῶν
914 785 1098 865 ἀνθρώπων
1119 775 1225 870 ὧνπερ
1246 789 1299 854 καὶ
1319 760 1408 861 458ὶ

279 876 353 957 ἐγώ,
375 875 478 960 ἡδέως
493 882 535 941 ἄν
551 893 584 942 σε
606 874 804 963 διερωτρέην·
828 883 854 944 ei
875 881 908 945 δέ
928 884 981 965 μή,
1004 877 1088 969 ἑῴην
1108 889 1158 947 ἄν,
1181 885 1243 968 ἐγὼ
1264 889 1298 952 δὲ

278 974 379 1038 τίνων
407 975 488 1057 εἰμές
517 979 583 1040 τιδν
608 977 709 1059 ἡδέως
738 978 797 1061 μὲν
824 979 866 1043 διν
893 977 1125 1062 ἐλεγχθέντων,
1156 983 1232 1046 εἴτι
1253 983 1297 1068 μὴ

279 1071 400 1155 ἀληθές
419 1071 508 1155 λέγω,
530 1071 631 1156 ἡδέως
652 1070 680 1138 δ’
705 1075 746 1139 διν
766 1074 970 1158 έλεγξύντων,
995 1080 1025 1142 εἴ
1042 1080 1089 1154 τίς
1109 1104 1137 1143 τι
1159 1079 1202 1165 μὴ
1224 1084 1296 1166 atq-

278 1170 337 1246 θὲς
357 1170 453 1254 λέγοι,
475 1173 535 1236 oda
552 1171 744 1256 ἀηδέστερον
764 1169 851 1256 μέντ’
874 1175 915 1238 διν
937 1174 1152 1258 ἐλεγχθέντων
1171 1178 1192 1260 ἢ
1214 1177 1295 1262 ἐλεγ-

277 1269 417 1348 ξύντων·
436 1272 545 1352 μεῖζον
558 1270 620 1352 γδιρ
639 1263 718 1335 αύτδ
734 1271 864 1353 ύγαδδν
876 1274 1026 1357 ἡγοῦμαι,
1048 1268 1174 1361 ὅσῳπερ
1187 1282 1296 1359 μεῖζον

278 1368 411 1449 ἀγαθόν
440 1364 525 1431 ἐστιν
552 1361 653 1432 αύτδν
680 1370 904 1454 ἀπαλλαγῆναι
933 1383 1036 1436 κακοῦ
1065 1381 1123 1437 τοῦ
1145 1376 1295 1457 μεγίστου

278 1465 299 1546 ἢ
334 1468 435 1530 ἄλλον
466 1466 650 1544 ἀπαλλάξαι.
678 1459 774 1532 ούδέν
801 1467 864 1550 γὰρ
892 1464 982 1552 οἶμαι
1009 1477 1168 1536 τοσοῦτον
1194 1470 1296 1537 κακὸν

280 1556 365 1626 εἶναι
384 1563 558 1649 ἀνθρώπῳ,
580 1563 658 1629 ὅσον
670 1565 746 1642 δόξα
767 1564 889 1647 ψευδὴς
908 1568 979 1648 περὶ
1000 1557 1047 1632 ὧν
1066 1571 1216 1652 τυγχάνει
1233 1577 1296 1635 νῦν
1318 1571 1347 1636 Β

279 1661 359 1745 ἡμῖν
380 1660 510 1743 δλόγος
531 1663 585 1725 ὢν.
608 1663 635 1725 εἰ
655 1661 714 1745 μέν
735 1657 867 1727 οὖνκαὶ
889 1664 930 1727 σὺ
951 1661 1015 1747 φῂς
1035 1673 1182 1742 τοιοῦτος
1202 1663 1295 1746 εἶναι,

280 1761 518 1842 διαλεγώμεθα·
548 1759 575 1822 ελ
603 1758 636 1823 δέ
664 1761 717 1824 καὶ
744 1761 835 1826 δοκεῖ
859 1772 974 1846 χρῆναι
1004 1762 1075 1837 dciv,
1106 1762 1207 1847 έιόμεν
1233 1767 1294 1850 ἤδη

279 1861 403 1941 χαίρειν
428 1858 480 1922 ιιαλ
509 1858 690 1940 διαλύωμεν
716 1862 775 1923 τὸν
801 1859 909 1941 λόγον.
960 1863 1055 1924 ΓΟΡ.
1092 1854 1185 1925 Ἀλλδι
1212 1863 1293 1946 φημὶ

277 2060 346 2110 γοιμι
368 2042 460 2093 invitis
483 2040 557 2092 codd.
580 2042 633 2093 fere
655 2042 784 2093 omnibus.
810 2044 869 2093 Par.
885 2044 906 2094 1.
924 2042 997 2111 λέγει.
1023 2047 1143 2096 Praestat
1158 2045 1231 2113 λέγω.
1260 2048 1294 2098 cf.

278 2117 366 2163 annot.
387 2111 419 2160 ad
437 2109 513 2176 Apol.
531 2126 555 2175 p.
573 2109 613 2162 25.
631 2112 661 2160 Β.
684 2111 772 2176 Symp.
789 2128 814 2177 p.
834 2109 890 2162 176.
909 2113 937 2161 B.

329 2182 433 2229 κακοῦ
451 2184 507 2228 τοῦ
524 2178 699 2245 μεγίστου]
717 2180 761 2229 Sic
779 2179 868 2232 Clark.
886 2180 955 2230 veta
972 2179 1043 2230 editt.
1062 2198 1116 2230 του.

279 2345 314 2402 cir
338 2349 420 2406 ἔοικε,
445 2350 497 2398 καὶ
523 2344 586 2414 ἡμῖν
608 2349 760 2414 ξυγχωρεῖν.
812 2365 874 2399 vum
893 2365 951 2399 cum
969 2350 1106 2400 infinitivo.
1140 2351 1171 2399 In
1189 2366 1240 2415 quo
1256 2351 1295 2399 iu-

278 2417 411 2467 Phaedon.
429 2432 454 2481 p.
467 2415 508 2467 64.
524 2416 559 2466 C:
577 2414 624 2466 ἐὰν
640 2415 691 2480 ἄρα
708 2417 760 2467 καὶ
812 2417 880 2467 dicio
914 2419 998 2467 virum
1029 2418 1161 2484 egregium
1194 2417 1296 2481 decepit

282 2483 531 2549 σοὶξννδοκῇύπερ
546 2484 597 2534 καὶ
613 2483 677 2546 ἐμοί.
696 2484 761 2535 ibid.
811 2487 878 2536 ratio
931 2486 1084 2551 scriptorum
1129 2487 1294 2536 Latinorumz

279 2569 304 2619 p.
315 2551 356 2605 76.
368 2554 403 2602 E:
423 2550 505 2606 οὕτως
517 2550 602 2616 ὥοπερ
614 2554 666 2602 καλ
685 2558 763 2602 ταῦτα
814 2554 906 2603 Graeci
927 2554 996 2603 enim
1018 2554 1045 2602 in
1063 2553 1212 2603 huiusmodi
1228 2569 1295 2603 com-

278 2621 361 2680 έοειν,
386 2619 469 2672 οὕτως
491 2621 545 2671 καὶ
567 2618 614 2687 τὴν
636 2616 764 2685 ἡμετέραν
812 2623 991 2687 paratioribus
1013 2621 1089 2670 modo
1114 2636 1202 2670 casum
1223 2637 1296 2686 prae·

279 2685 365 2756 ψνχὴν
380 2682 456 2738 εἶναι.
473 2690 514 2738 De
525 2690 587 2755 Rep.
598 2689 657 2738 VII.
667 2705 692 2754 p.
703 2687 772 2740 519..
813 2689 914 2738 cedenti
953 2689 1052 2738 nomini
1094 2689 1296 2752 accommodant,

279 2758 308 2807 Α.
343 2756 454 2823 Apolog.
486 2757 585 2808 Socrat.
611 2772 635 2821 p.
658 2754 699 2806 22.
723 2757 761 2805 D:
813 2757 889 2807 modo
913 2757 1102 2806 nominativum
1118 2763 1231 2822 ponunt,
1257 2759 1295 2808 in-

279 2823 343 2888 ὅιιερ
379 2824 433 2874 καὶ
465 2823 493 2873 οἱ
524 2826 624 2890 ποιηταὶ
654 2825 707 2875 καὶ
737 2823 764 2872 οἱ
813 2826 917 2876 tellecto
929 2827 1007 2876 verbo
1026 2825 1164 2890 superiore.
1182 2826 1297 2878 v.Dor·

279 2889 376 2959 ύγαθολ
401 2891 569 2959 δημιουργοί,
600 2893 646 2942 ubi
669 2909 694 2941 v.
717 2907 762 2941 an·
814 2893 885 2944 vill.
902 2893 935 2942 ad
947 2892 1045 2943 Charit.
1061 2910 1086 2959 p.
1097 2890 1155 2944 538.
1173 2893 1212 2943 ed.
1224 2894 1295 2958 Lips.

279 2970 331 3012 not.
364 2961 489 3010 Proxima
513 2961 541 3010 ελ
563 2962 601 3013 τίς
624 2979 645 3010 τι
667 2956 701 3025 μὴ
724 2955 763 3009 ἀλ.
815 2949 1295 3026 Schaefer.Melett.critrp.126.

280 3029 346 3096 λε’γοι
363 3029 503 3079 Ficinue
520 3027 615 3078 reddit:
639 3029 667 3078 ei
685 3026 762 3092 quid
812 3031 1004 3094 Itaquepoetea
1020 3044 1095 3079 enum
1113 3029 1168 3094 ipse
1185 3045 1296 3079 errorem

279 3099 401 3148 falsum
430 3096 620 3160 ineptumve
642 3096 762 3146 dicant.
813 3100 945 3164 corrigens
963 3097 996 3146 ad
1009 3097 1143 3147 Phaedon.
1157 3112 1182 3162 p.
1195 3096 1251 3150 111.
1264 3098 1295 3147 A.

281 3165 435 3231 Optativus,
473 3165 519 3228 qui
551 3164 677 3215 librorum
710 3164 763 3214 fere
797 3166 900 3216 *docuit
915 3165 1030 3215 meliora.

280 3235 396 3284 omnium
420 3232 586 3282 confirmatur
602 3231 763 3297 auctoritate,
848 3236 877 3284 B.
918 3232 971 3282 καὶ
1010 3229 1202 3292 διαλύωμεν
1238 3229 1296 3282 τὸν

281 3318 339 3352 cum
374 3303 503 3351 sententia
533 3301 605 3366 ipsa,
645 3301 763 3364 quamvis
815 3299 849 3350 λα’
855 3301 931 3368 γον]
961 3299 1085 3350 Similiter
1106 3299 1175 3348 infra
1195 3316 1220 3364 p.
1237 3298 1296 3351 505.

280 3368 452 3435 praecedente
495 3368 639 3418 indicativo
684 3366 763 3433 λέγω,
815 3370 848 3419 0:
867 3372 893 3418 τί
907 3361 958 3419 οὖν
976 3366 1008 3432 δὴ
1024 3364 1180 3431 ποιήσομεν;
1202 3369 1297 3432 μεταξν

280 3437 383 3504 egregie
401 3437 528 3501 congruit.
562 3437 630 3486 Nam
647 3436 765 3486 Socrates
815 3436 860 3487 τὸν
878 3434 956 3503 λόγον
967 3431 1142 3493 uexationem
1160 3433 1296 3485 Lucian.

283 3507 366 3569 εἴρων
391 3503 424 3555 de
445 3520 473 3554 ee
496 3505 605 3568 loquens
627 3504 709 3553 utitur
726 3504 764 3552 in·
815 3506 914 3555 Soloec.
933 3509 1009 3554 extr:
1028 3506 1077 3551 νῦν
1092 3499 1122 3551 δὲ
1140 3497 1297 3562 διαλύσομεν

283 3573 408 3636 dicativo,
431 3588 481 3637 quo
505 3573 597 3622 erroris
619 3571 764 3621 verisimili·
817 3572 862 3623 τὸν
888 3569 1016 3637 διάλογον.
1058 3570 1149 3633 ltaque
1178 3584 1231 3618 non
1257 3585 1297 3619 as-

283 3641 397 3692 tudinem
409 3640 523 3702 indicet3
538 3640 603 3690 alioe
620 3655 765 3689 memorans
816 3641 912 3691 sentior
934 3636 1151 3699 Heindorfio,
1181 3638 1225 3701 qui
1251 3636 1297 3687 τὸν

283 3711 426 3775 optativum
447 3709 533 3773 ponit,
557 3707 588 3758 de
610 3709 703 3758 horum
728 3723 765 3756 er·
816 3705 895 3775 λόγον
921 3703 1034 3757 διαλύειν
1060 3706 1113 3755 dici
1140 3721 1193 3755 non
1221 3721 1304 3771 posse*

283 3777 383 3829 roribus
398 3792 457 3827 cum
474 3774 636 3827 dubitatione
649 3775 765 3840 quadam
816 3786 887 3826 retus
921 3772 967 3825 ιδν
1002 3771 1128 3839 σύλλογον
1159 3773 1296 3839 legendum

284 3846 361 3896 animi
379 3844 460 3894 verba
476 3845 583 3894 faciens.
817 3843 937 3910 putabat,
960 3858 1037 3908 quam
1054 3842 1205 3904 lectionem,
1228 3840 1299 3891 haud

314 3915 343 3964 P.
361 3910 421 3964 458.
456 3913 530 3976 μεῖζ
535 3931 572 3961 ον
598 3906 657 3977 γὰρ
686 3906 765 3960 adad
818 3913 895 3962 dubie
929 3927 961 3960 ex
996 3911 1154 3960 correctione
1189 3910 1300 3959 alicuius

283 3978 335 4049 δμ]
354 3981 424 4030 Ante
443 3981 532 4044 μεῖζον
547 3979 693 4044 intelligere
710 3993 768 4045 pos·
817 3979 979 4046 grammatici
1000 3983 1096 4040 ortam,
1122 3977 1257 4026 Bodleian.
1273 3984 1300 4026 et

285 4051 317 4100 eie
332 4045 457 4116 τοσούτῳ,
470 4046 539 4113 quod
550 4038 633 4113 'genus
644 4046 768 4111 loquendi
818 4050 923 4099 Meerm.
941 4046 1042 4096 codices
1058 4043 1164 4094 habent.
1175 4073 1209 4082 -
1227 4040 1260 4094 οἶ
1262 4063 1300 4094 ον

286 4118 357 4184 tetigi
375 4117 407 4166 ad
426 4116 536 4182 Apolog.
554 4116 625 4165 Socr.
642 4130 666 4180 p.
678 4113 719 4165 30.
736 4115 767 4164 Α.
822 4115 859 4166 σὺ
873 4112 1007 4180 ύφηγεῖ,
1026 4112 1153 4177 qualem
1166 4118 1201 4161 tu
1213 4128 1300 4176 prae-

318 4183 402 4236 ὅσον
427 4179 658 4249 δόξαψεοδὴτ
682 4173 769 4232 π.ύν
820 4184 916 4233 ducis
957 4186 988 4230 et
1022 4181 1193 4230 informas.
1245 4182 1300 4230 De·

288 4271 306 4302 κ.
325 4272 345 4304 τ.
363 4253 394 4320 λ]
417 4251 589 4303 Heindorf.
606 4251 668 4301 olim
685 4251 769 4316 requi·
820 4250 979 4302 mosthen.
1009 4249 1049 4297 De
1079 4248 1172 4297 Ceron,
1195 4264 1219 4312 p.
1241 4245 1301 4299 277.

288 4323 358 4372 rebat
384 4321 564 4371 accusativum
587 4317 667 4382 δόξαν
685 4317 770 4386 ψευδῆ
821 4319 860 4369 ed.
884 4317 985 4367 leena:
1013 4312 1076 4365 κατὰ
1098 4311 1145 4381 τὴν
1167 4312 1303 4381 ὑφήγησιν

288 4396 387 4456 propter
422 4387 618 4455 praecedentem
645 4388 771 4438 accuseti—
821 4383 925 4444 τούτου,
954 4384 1000 4435 wie
1025 4383 1107 4434 dieser
1132 4383 1169 4434 aie
1195 4383 1303 4435 anleitet.
