3242 5259
381 647 440 700 230
792 636 988 696 PLA'PONIS

285 834 287 838 ’
378 827 455 886 γους
484 803 593 884 ἢπῶς
622 801 683 864 οὐκ
710 799 751 862 διν
778 803 888 861 οίθλιοι
916 800 1083 881 γεγονότες
1114 798 1224 880 εἴησαν
1253 796 1319 861 ὑπὸ
1339 809 1393 860 τοῦ

319 907 346 974 O
379 908 480 966 καλοῦ
500 910 559 964 τοῦ
580 908 635 979 τῆς
656 898 862 978 δικαιοσύνης
882 897 935 959 καὶ
963 905 1019 977 τῆς
1039 896 1273 976 σωφροσύνης,
1300 894 1395 977 μηδὲν

380 995 478 1063 πλέον
498 995 647 1076 νέμοντες
668 1000 734 1068 τοῖς
763 994 869 1075 φίλοις
898 999 966 1068 τοῖς
987 993 1095 1056 αὐτῶν
1123 992 1143 1075 ἢ
1171 998 1240 1067 τοῖς
1261 991 1394 1075 ἐχθροῖς,

380 1096 554 1161 καὶταῦτα
575 1098 724 1176 ἄρχοντες
754 1089 790 1154 ἐν
809 1101 848 1174 τῇ
870 1087 994 1155 ἑαυτῶν
1015 1091 1120 1166 πόλει;
1149 1091 1230 1154 οίλλδι
1258 1101 1297 1174 τῇ
1327 1092 1395 1172 οίλη-

380 1196 464 1280 θείη,
489 1187 514 1256 ὦ
536 1193 714 1270 Σώκρατες,
737 1191 779 1271 ἢν
800 1183 865 1270 φῂς
885 1189 926 1251 σὺ
947 1189 1085 1263 διώκειν,
1106 1176 1162 1252 ὧδ’
1185 1184 1263 1270 ἔχει·
1290 1187 1396 1272 τρυφὴ

381 1294 433 1355 καί
455 1291 608 1355 ἀκολασία
629 1287 683 1351 καί
704 1286 887 1367 ἐλευθερία,
922 1286 979 1350 ε’διν
999 1285 1188 1367 ἐπικουρίαν
1209 1282 1284 1367 ἔχη,
1314 1282 1397 1350 τοῦτ’

380 1386 465 1452 ἔστιν
487 1390 582 1469 οίρειή
612 1407 645 1448 τε
672 1383 725 1447 καὶ
755 1385 959 1466 εὐδαιμονία·
987 1383 1026 1452 τὰ
1054 1383 1088 1447 δὲ
1115 1387 1195 1447 ἄλλα
1224 1388 1316 1446 ταῦτ’
1337 1383 1396 1446 ἔστι

381 1486 420 1550 τὰ
439 1485 702 1565 καλλωπίσματα,
731 1481 770 1545 τὰ
798 1481 885 1561 παρὰ
913 1482 1014 1559 φύσιν
1035 1483 1248 1564 συνθήματα,
1271 1482 1393 1562 ἀνδρώ-

380 1605 451 1646 πων
473 1582 614 1662 φλυαρία
635 1580 688 1644 καὶ
709 1579 842 1652 οὐδενὸς
862 1577 942 1654 ἄξια.

318 1692 348 1755 D
446 1680 524 1766 Cap.
547 1679 688 1745 XLVII.
733 1682 805 1742 ΣΩ.
832 1680 900 1742 Οὐκ
922 1680 1064 1760 ἀγεννῶς
1081 1701 1124 1760 γε,
1148 1670 1174 1742 ὦ
1198 1682 1392 1756 Καλλίκλεις,

381 1775 533 1859 ἐπεξέρχει
554 1783 598 1865 τῷ
618 1780 704 1863 λόγῳ
724 1775 1038 1858 παρρησιαζόμενος·
1062 1781 1174 1857 σαφῶς
1195 1777 1259 1858 μὰρ
1281 1778 1323 1841 σὺ
1339 1790 1397 1842 νῦν

381 1874 479 1956 λέγεις
501 1878 520 1938 δ
542 1876 574 1938 ol
592 1880 682 1938 ἄλλοι
702 1876 910 1938 διανοοῦνται
931 1871 1008 1956 μέν,
1039 1872 1143 1956 λέγειν
1173 1874 1207 1938 δὲ
1238 1876 1301 1939 οὐκ
1330 1874 1394 1939 ἐθί-

382 2100 429 2143 est.
460 2093 561 2156 Quippe
579 2091 740 2141 offenderunt
757 2093 841 2141 critici
858 2092 884 2140 in
902 2092 952 2140 heo
969 2092 1108 2140 verborum
1125 2092 1321 2154 coniunctione,
1340 2089 1397 2154 ἐξὸν

382 2163 424 2210 καί
442 2159 555 2225 μηδενὸι·
575 2157 698 2219 ἐμποδών
721 2157 803 2212 ὄντος.
840 2159 890 2208 Sed
912 2160 1058 2224 genitivum
1080 2157 1229 2209 absolutum
1253 2167 1313 2225 post
1339 2156 1397 2222 ἑξόι·

382 2228 468 2279 addito
487 2232 532 2277 καί
545 2228 648 2277 illatum
671 2228 737 2277 nihil
762 2229 857 2277 habere
878 2227 1033 2277 insolentiae
1057 2226 1187 2276 docebunt
1209 2244 1278 2292 quae
1305 2228 1396 2278 adscri-

383 2298 481 2362 psimus
498 2295 531 2345 ud
548 2297 619 2360 Reip.
638 2296 670 2343 X.
689 2312 712 2360 p.
731 2294 790 2346 604.
807 2297 835 2343 B.
854 2295 1033 2359 Euthyphron.
1051 2310 1075 2358 p.
1092 2293 1116 2344 4.
1134 2296 1167 2344 D.

435 2365 462 2414 C.
498 2361 535 2429 ἣν
555 2363 617 2427 φῂς
637 2361 674 2412 σὺ
701 2362 738 2428 δ.]
774 2363 816 2412 sic
841 2362 930 2412 Clark.
954 2363 1012 2412 vn.
1038 2363 1116 2411 Ooisl.
1139 2363 1198 2412 Par.
1224 2362 1345 2413 BOIW.
1366 2362 1397 2411 al.

384 2433 452 2482 Vett
470 2431 541 2483 editt.
562 2430 594 2481 οὐ
614 2435 673 2495 φῇς.

383 2617 472 2667 modo:
496 2619 534 2674 οἵ,
559 2613 622 2679 ίξδν
645 2613 733 2667 αὐτοῖς
750 2643 798 2674 -,
817 2611 863 2664 αὐ-

384 2686 422 2733 τοὶ
442 2684 543 2736 ἑαυτοῑε
561 2681 691 2747 δεσπότην
709 2681 863 2750 ἐπαγάγοιν-

386 2769 420 2800 το.
464 2753 574 2801 Proreus
601 2751 691 2801 eodem
718 2752 794 2802 modo
823 2753 864 2801 De

384 2818 492 2883 Republ.
511 2820 542 2867 V.
560 2835 583 2882 p.
602 2817 660 2868 465.
678 2820 713 2867 ll:
737 2815 777 2871 οἷς
802 2817 864 2882 ἐξὸν

386 2884 469 2935 πάντα
501 2886 567 2949 ἔχειν
603 2882 631 2934 τὰ
669 2892 720 2936 τῶν
754 2889 865 2936 πολιτῶν

385 2949 466 3002 οὐδὲν
484 2953 572 3016 ἔχοιεν,
600 2953 687 3018 Symp.
709 2969 733 3017 p.
752 2952 809 3004 174.
827 2957 862 3003 E:

385 3016 414 3069 οί
438 3019 487 3079 μὲν
514 3016 564 3102 peip
589 3016 674 3072 εὐθὺς
700 3020 777 3070 παῖδά
810 3040 864 3070 τινα

385 3086 498 3137 ἔνδοθεν
507 3086 690 3152 απαντήσαντα
698 3086 771 3153 ἄγειν
779 3108 802 3139 κ.
814 3108 832 3137 τ,
843 3093 862 3138 λ.

384 3155 489 3204 Lachet.
519 3171 542 3218 p.
569 3153 625 3206 187.
654 3157 686 3205 A.
714 3157 793 3223 Legg.
818 3158 863 3206 IX.

383 3239 409 3287 p.
426 3221 483 3273 856.
501 3225 531 3273 E.
555 3223 699 3288 Thucyd.
724 3226 775 3285 111,
800 3224 863 3275 105:

385 3289 582 3354 δτειχισάμενοι
604 3297 684 3358 κοινῷ
707 3291 863 3358 δικαστηρίῳ

386 3356 505 3422 ἐχρῶντο.
535 3360 603 3412 conf.
632 3360 864 3424 Bernhardy.

385 3428 458 3490 synt.
475 3443 500 3491 p.
517 3425 575 3477 350.
594 3429 726 3476 Porson.
751 3427 783 3476 ad
802 3429 863 3476 Eur.

383 3495 452 3543 Med.
470 3510 495 3542 v.
513 3492 570 3544 734.
587 3496 675 3558 ibique
693 3495 862 3544 Schaefer.

384 3562 433 3611 llis
474 3561 600 3626 neglectis
642 3563 864 3628 Hirsehigius

383 3644 466 3694 nuper
493 3645 636 3678 sermonem
664 3630 781 3680 Platonis
812 3647 865 3680 ccr-

383 3698 454 3760 rupit
470 3695 620 3746 scribendo:
639 3699 672 3755 οῗ,
693 3695 755 3760 ἐξὸν
772 3716 793 3746 κ.
811 3717 830 3747 τ.
843 3701 863 3748 λ.

383 3766 446 3814 Post
463 3766 504 3813 καλ
523 3760 636 3827 μηδενὸς
657 3763 714 3825 εμπ.
732 3762 809 3817 ὄντος
826 3783 865 3816 re-

383 3838 456 3896 petas
484 3849 497 3881 e
521 3830 696 3895 superioribus
721 3828 865 3883 α’τιολαίειν

383 3897 477 3949 αὐτῶν.
501 3928 534 3936 -
557 3900 587 3948 ln
615 3898 702 3949 verbis
732 3899 814 3960 νόμον
839 3919 864 3950 τε

384 3969 425 4016 καὶ
448 3965 527 4031 λόγον
551 3967 592 4016 καί
620 3966 701 4033 ψόγον
723 3969 790 4017 inest
816 3987 863 4017 :ra-

385 4038 500 4096 ρίοωσω.

417 4103 445 4152 C.
471 4099 503 4151 τὰ
529 4103 564 4152 δὲ
588 4099 668 4152 ἄλλα
693 4100 776 4153 ταῦτ’
796 4104 863 4153 ἔστι

386 4168 418 4217 τὰ
460 4170 724 4237 καλλωπίσματα]
766 4173 863 4220 Hein-

384 4235 511 4287 dorfius
541 4238 569 4288 εὰ
598 4247 658 4288 unte
682 4236 752 4302 ,ταρὰ
782 4236 864 4301 φύσιν

384 4301 520 4354 delendum
559 4307 745 4371 suspicabatur.
807 4309 862 4372 Ego

383 4376 443 4419 ante
460 4375 654 4433 καλλωπίσματα
665 4376 796 4439 exstingui
810 4391 863 4424 ma-

383 4436 436 4485 lim.
472 4440 539 4488 Nam
558 4439 585 4489 τὰ
604 4441 675 4502 ,ταρὰ
697 4442 780 4499 φύσιν
799 4459 861 4491 ourk

916 2613 1020 2679 «trinam
1043 2631 1089 2680 per
1117 2617 1309 2682 appositionem
1331 2617 1397 2668 addi·

915 2690 968 2732 tum
981 2690 1043 2747 puto
1054 2684 1125 2733 istie:
1146 2681 1176 2732 τὰ
1194 2683 1225 2735 δὲ
1239 2683 1303 2735 ἄλλα
1317 2691 1395 2734 ταῦτα.

915 2752 1018 2801 Etenim
1046 2751 1184 2802 verborum
1208 2754 1272 2803 ordo
1301 2753 1398 2819 paullu-

915 2819 968 2868 lum
986 2821 1138 2869 immutatus
1162 2826 1214 2882 est,
1242 2837 1324 2886 quum
1344 2837 1397 2872 esse

915 2886 1020 2936 deberet
1044 2886 1100 2935 hic:
1127 2884 1155 2936 τὰ
1174 2887 1204 2938 δὲ
1227 2886 1291 2938 ἄλλα
1317 2896 1397 2946 ταῦτα,

916 2954 944 3003 τὰ
963 2950 1033 3015 παρὰ
1052 2951 1135 3017 φύσιν
1154 2955 1328 3023 συνθήματα,
1347 2956 1396 3006 ἐστι’

916 3023 1119 3082 καλλωπίσματα,
1138 3025 1258 3086 φλυαρία
1276 3027 1319 3075 καὶ
1343 3025 1397 3090 (de-

916 3092 1028 3153 nique)
1058 3086 1170 3142 οὐδενὸς
1200 3087 1268 3154 ἄξια.
1314 3095 1397 3157 Nuper

915 3159 960 3222 qui
978 3158 1117 3206 articulum
1143 3159 1223 3207 etiam
1247 3165 1309 3210 ente
1332 3157 1398 3222 παρὰ

915 3226 1028 3274 deletum
1050 3226 1135 3274 voluit
1161 3228 1317 3293 corrigendo
1347 3244 1397 3293 per-

917 3293 983 3342 didit
1000 3294 1162 3342 sententium.

949 3362 1012 3424 Cap.
1029 3361 1136 3428 xpvn.
1154 3363 1186 3410 D.
1220 3360 1395 3428 Οῠκᾶγεν-

916 3427 1115 3494 coinrandi]
1129 3430 1290 3493 Perquam
1307 3448 1397 3496 genc-

915 3512 967 3545 rcs
977 3512 1002 3556 e,
1021 3495 1153 3560 rooltrlrost
1168 3497 1308 3562 ritterliok,
1333 3499 1397 3563 quod

916 3564 1012 3612 dictum
1030 3570 1069 3615 est
1087 3563 1186 3614 urbane
1203 3582 1264 3615 cum
1283 3568 1397 3617 irrisione

916 3648 962 3697 pro
986 3631 1067 3680 mire
1093 3632 1328 3692 confidenter,
1355 3652 1397 3685 εε·

916 3700 962 3748 tis
989 3705 1106 3762 aperte
1130 3706 1160 3749 et
1181 3701 1396 3766 impudenter.

915 3768 986 3816 Infra
1012 3784 1036 3830 p.
1069 3765 1127 3821 521.
1163 3770 1199 3816 A:
1237 3769 1336 3822 δίκαιος
1365 3764 1396 3829 εἷ,

915 3833 1002 3896 ὥςπερ
1021 3831 1092 3899 ἧρξαν
1111 3831 1346 3901 καῤῥησιοίζεσθοιι
1359 3865 1396 3896 -,

917 3901 1041 3968 διατελεῖν
1060 3899 1076 3951 ἃ
1096 3909 1164 3955 νοεῖς
1175 3902 1268 3968 λέγων.
1288 3908 1330 3955 καὶ
1351 3912 1396 3956 νῦν

916 3971 946 4019 εὐ
966 3972 1007 4018 καὶ
1026 3974 1154 4034 γενναίως
1177 3970 1242 4037 λέγε.
1280 3975 1320 4024 De
1337 3975 1395 4038 Rep.

916 4037 973 4089 VH.
996 4053 1021 4101 p.
1044 4036 1102 4091 529.
1121 4039 1151 4087 Α.
1170 4040 1259 4104 ibique
1284 4049 1395 4092 annotat

916 4106 1090 4157 Plutarch.
1110 4107 1211 4159 Cimon.
1230 4123 1253 4160 c.
1270 4107 1316 4160 13:
1337 4107 1395 4159 τίπο-

916 4170 1034 4221 cidnum·
1053 4172 1082 4222 δὲ
1100 4179 1152 4223 τῶν
1165 4174 1281 4237 Περσῶν
1297 4177 1339 4226 καὶ
1358 4177 1395 4226 δε·

916 4238 1036 4320 §epia-mr·
1055 4238 1104 4291 οὐκ
1122 4239 1258 4307 ἀγεννῶς,
1286 4242 1395 4308 κρατερὰ

915 4325 980 4371 μαχη
1000 4308 1119 4372 συνέστη.

949 4375 1051 4424 ἐῶντα
1076 4377 1109 4426 δὲ
1133 4374 1235 4431 αὐτὸς
1258 4407 1293 4416 -
1317 4380 1394 4430 ἑτοι·

914 4442 1047 4508 μάζειν]
1087 4446 1196 4495 Ponitur
1230 4449 1392 4498 accusativus
