3242 5259
556 579 738 672 conone.
759 581 793 639 P.
816 585 887 640 τοι.
909 582 955 642 oo.
977 582 1020 642 st.
1237 587 1295 643 139

284 743 366 825 ὅπερ
387 743 505 821 ὑπέδυ,
535 744 588 809 καὶ
617 749 676 808 τού
704 741 763 825 μὲν
791 745 957 822 βελτίστου
995 744 1091 810 οὐδὲν
1126 747 1296 829 φροντίζει,
1365 782 1369 790 ·

279 851 323 924 τῷ
353 841 389 907 δὲ
418 843 467 906 ἀεὶ
494 845 613 928 ἡδίστῳ
641 842 812 926 θηρεύεται
838 840 898 925 τὴν
925 847 1042 908 ἄνοιαν
1071 843 1126 909 καὶ
1146 843 1295 926 ἐξαπατᾷ,

279 939 357 1017 ὥςτε
378 941 469 1006 δοκεῖ
485 943 635 1008 πλείστου
656 942 733 1020 ἀξία
753 934 845 1005 εἶναι.
872 941 938 1006 ὑπὸ
958 941 1016 1024 μὲν
1037 937 1098 1007 οὖν
1118 943 1178 1026 τὴν
1198 944 1295 1025 ίατρι-

280 1036 342 1122 κὴυ
369 1039 391 1121 ἡ
418 1037 592 1124 δύοποιικὴ
619 1039 816 1117 ὑποδέδυκε,
844 1040 899 1105 καὶ
925 1045 1142 1120 προςποιεῑται
1167 1040 1207 1105 τὰ
1228 1038 1296 1122 βίλ-

280 1153 371 1201 τιστα
397 1138 481 1202 σιτία
506 1146 551 1221 τῷ
578 1137 699 1221 σώματι
728 1137 863 1212 είδίναι,
894 1133 982 1215 ὦρτ’,
1014 1139 1041 1202 εί
1061 1138 1128 1205 δέοι
1148 1137 1184 1203 ἐν
1205 1139 1295 1203 παισὶ

280 1236 530 1318 διαγωνίζεσθαι
557 1236 719 1314 ὀψοποιόν
746 1259 779 1301 τε
807 1235 861 1301 καὶ
890 1236 1001 1319 ἰατρὸν
1028 1236 1049 1319 ἡ
1078 1234 1113 1301 ἐν
1140 1237 1297 1320 ἀνδράσιν

281 1333 385 1410 οὕτως
406 1335 572 1419 ἀνοὴτοις,
606 1335 713 1417 οίςπερ
742 1336 775 1400 οί
793 1335 921 1412 παῖδες,
948 1335 1084 1415 πότερος
1103 1333 1205 1401 ἐποίει
1224 1335 1297 1419 περὶ

280 1437 346 1498 τῶν
367 1432 513 1516 χρηστάν
541 1433 651 1499 σιτίοιν
678 1431 733 1500 καί
758 1437 931 1518 πονηρῶν,
958 1432 977 1498 δ
1003 1431 1112 1514 ἰατρὸς
1138 1433 1296 1518 ἡδύνο-

280 1532 392 1609 ποιός,
420 1537 501 1616 λιμῷ
530 1531 572 1595 ἀν
599 1532 781 1597 ἀποθανεῖν
809 1532 867 1596 τὸν
895 1531 1016 1613 ίατρύν.
1042 1533 1213 1598 κολακείαν
1237 1532 1296 1616 μὲν
1330 1548 1359 1614 Ε

279 1625 342 1696 οὖν
374 1631 454 1697 αύτδ
482 1634 587 1708 καλῶ,
614 1630 668 1695 καὶ
698 1631 831 1713 αἰσχρόν
859 1652 942 1713 φημι
969 1623 1052 1695 εἶναι
1080 1630 1117 1696 τδ
1137 1642 1296 1709 τοιοῦτον,

280 1721 306 1794 ὦ
328 1732 435 1805 licite,
458 1766 495 1777 -
516 1738 612 1795 τοῦτο
632 1728 695 1811 γὰρ
723 1729 806 1809 πρὸς
827 1726 963 1811 δὲλέγω
984 1763 1023 1776 -
1044 1727 1094 1794 δτι
1123 1739 1183 1796 τοῦ
1202 1729 1297 1815 ἡδέος
1318 1748 1381 1814 465

278 1969 312 2019 sit
330 1983 365 2018 ex
388 1965 457 2017 mele
480 1963 571 2017 sedne
594 1966 743 2017 criticorum
766 1966 933 2017 correctione
975 1966 1020 2017 Sic
1043 1967 1123 2018 etiem
1140 1983 1201 2018 mox
1218 1967 1296 2019 iidem

277 2036 339 2087 libri
357 2051 404 2103 pro
422 2035 465 2086 καί
484 2030 500 2102 ἡ
518 2032 670 2101 δικαιοσύνη
687 2034 812 2101 scriptum
829 2033 955 2085 exhibent
972 2036 1014 2085 καί
1032 2032 1049 2102 ἡ
1067 2033 1207 2102 δικαστικὴ.

329 2105 358 2155 C.
377 2099 394 2170 ἡ
412 2098 629 2169 κοίακευεικὴ
646 2100 853 2170 αἰσθομένη]
872 2103 1002 2154 sicvind.
1021 2102 1046 2154 b.
1064 2104 1295 2155 Per.FIV.Bodl.

277 2175 347 2225 Βίου.
366 2171 392 2222 b.
410 2171 435 2222 d.
453 2172 470 2221 i.
488 2188 508 2222 s.
527 2187 552 2220 x.
570 2170 677 2222 Aristid.
701 2176 727 2221 et
744 2186 808 2221 corr.
827 2171 907 2222 Coisl.
926 2172 992 2223 Vett
1011 2172 1081 2223 editt.
1100 2169 1295 2238 αἰσθανομένη.

328 2243 362 2291 D.
383 2237 463 2305 ὅπερ
483 2235 607 2308 ύπίδυ]
626 2236 693 2289 ὅπου
712 2234 799 2290 ύπίδυ
818 2239 905 2290 Glerk.

331 2307 516 2374 θηρεύεται
543 2305 600 2376 τὴν
628 2305 759 2374 ἀνοιαν]
794 2308 900 2359 Oornsr.
931 2314 957 2359 et
985 2307 1088 2359 θεείου.
1116 2309 1181 2360 Nov.
1212 2309 1295 2360 Loott.

277 2379 338 2442 VII,
355 2375 380 2427 9.
399 2393 464 2428 corr.
483 2376 529 2442 τὴν
547 2372 678 2436 διάνοιαν,
696 2381 726 2425 ut
742 2377 826 2427 estin
843 2377 902 2428 Per.
919 2378 949 2427 F.
966 2377 1099 2428 Heusdius
1117 2375 1230 2428 molebat
1247 2375 1296 2445 τὴν

277 2443 396 2497 εὔνοιαν.
413 2446 510 2497 Neutro
529 2459 593 2510 opus
611 2450 656 2496 est.
674 2459 698 2494 v.
717 2459 776 2494 nnn.

331 2511 614 2581 δοκεῖπίείοιου]
644 2512 793 2563 Sicclsrin
823 2529 893 2578 apr.
911 2529 945 2562 m.
963 2512 1021 2562 vu.
1039 2512 1104 2562 Vcn.
1126 2512 1156 2563 Σ.
1175 2512 1252 2564 vind.
1272 2513 1294 2565 1.
1377 2530 1380 2537 ·

276 2582 301 2636 2.
321 2581 346 2634 7.
364 2584 423 2633 Per.
442 2581 597 2632 BCFVW.
614 2581 683 2633 Flor.
703 2597 725 2631 a.
744 2581 769 2631 b.
788 2597 810 2631 ο.
830 2581 896 2648 Aug.
915 2581 1020 2632 Meerm.
1039 2579 1113 2632 Bodl.
1130 2581 1199 2632 Vett.
1224 2582 1295 2633 editt.

280 2652 382 2710 δοκεῖν,
400 2651 482 2702 Pario.
500 2649 521 2699 Ῑ.
540 2649 629 2700 δοκεῖν
646 2645 730 2714 ἀξίαν.

330 2716 346 2786 ἡ
364 2715 547 2836 ἀψοποιικὴ
565 2714 766 2783 ὑποδέδυκε]
792 2717 837 2767 Sic
854 2733 915 2767 cum
933 2715 1021 2767 Clark.
1039 2717 1130 2783 optimi
1147 2722 1173 2770 ct
1188 2717 1295 2785 plurimi

279 2788 355 2872 codq.
373 2803 420 2873 pro
438 2785 509 2853 vulg.
540 2783 705 2870 Ιηοποιητικὴ,
722 2791 751 2835 ut
768 2801 792 2852 p.
810 2782 868 2836 463.
886 2786 916 2835 B.
933 2783 992 2868 4δ5.
1010 2785 1040 2835 Β.
1058 2785 1088 2838 Ο.

332 2876 348 2924 η
367 2877 382 2906 o
400 2851 582 2923 ύψοποιοε]
609 2855 640 2905 V.
659 2854 701 2905 καί
719 2850 733 2904 δ
752 2850 806 2916 δη,
825 2852 894 2918 qnod
911 2854 961 2904 soh
978 2851 1077 2904 hebent
1093 2855 1151 2905 Per.
1169 2854 1229 2906 ΕΒ.

311 3045 346 3095 D.
371 3048 410 3110 τῷ
434 3042 470 3093 δὲ
487 3039 539 3092 ἀεί
564 3038 689 3109 ἡδίστῳ
706 3042 762 3106 θη·
853 3038 995 3104 πότερος
1020 3040 1131 3092 ἐπαΐει
1149 3059 1174 3091 π.
1199 3060 1218 3092 r.
1241 3041 1296 3108 χρ]

281 3110 418 3176 perierat
446 3106 501 3176 τὴν
528 3106 657 3177 ἄνοιαν]
684 3111 764 3177 Apu·
816 3109 1042 3160 Heindorfius
1065 3114 1170 3177 propter
1191 3125 1296 3176 preocc-

279 3183 370 3232 lcius
388 3181 428 3229 De
446 3181 539 3245 Dogm.
557 3178 624 3228 Plat.
641 3180 661 3232 I.
679 3194 704 3244 p.
722 3176 763 3232 17.
816 3177 879 3229 dens
902 3176 969 3228 illud
998 3177 1026 3227 el
1048 3176 1101 3228 δέοι
1130 3177 1297 3230 scribendum

278 3249 319 3301 ed.
335 3247 466 3310 Elmenh.,
483 3245 530 3296 ubi
547 3246 663 3298 adhunc
675 3245 777 3297 locum*
814 3248 923 3313 putebat
940 3244 1046 3296 ἐπαΐοι.
1080 3245 1131 3297 Sed
1154 3247 1182 3296 in
1208 3246 1297 3296 huius-

277 3318 396 3384 respioit,
414 3317 608 3382 interpretetur:
633 3315 762 3380 opinio
814 3313 884 3364 modi
910 3318 1040 3364 structura
1072 3330 1125 3364 non
1153 3330 1210 3365 reto
1239 3321 1298 3381 post

277 3403 349 3437 nem
367 3383 762 3450 imprudentiumcaptut.
815 3383 959 3448 optativum
997 3381 1168 3433 indicativum
1207 3383 1296 3432 inferri

278 3457 339 3505 Hoc
364 3452 416 3504 sibi
438 3452 496 3502 vult
520 3451 609 3501 Plato:
633 3451 762 3516 imperi·
814 3451 870 3514 ipse
893 3456 982 3516 posteo
1004 3449 1093 3501 docuit
1113 3449 1146 3500 ud
1164 3450 1296 3502 Phaedon.

278 3532 343 3574 tum
360 3517 619 3571 multitudinem'
640 3519 763 3571 fellere
813 3535 839 3584 p.
856 3516 898 3570 62.
915 3520 945 3568 Β.
964 3519 992 3573 G.
1011 3518 1044 3570 ci.
1061 3518 1176 3569 Metth.
1196 3521 1219 3582 ἕ.
1236 3517 1296 3570 529.

279 3607 319 3642 ec
346 3589 508 3654 decipere
537 3587 657 3640 studet.
709 3587 763 3638 Nos
816 3585 949 3637 ἐπαΐειν
985 3591 1012 3636 et
1049 3585 1183 3651 ec’iefvat
1218 3591 1299 3650 περί

278 3659 416 3711 similiter?
445 3657 482 3707 sie
504 3655 589 3707 machi
615 3652 689 3721 Jaqe
714 3655 767 3721 anf
816 3673 921 3713 τινοε,
951 3654 1101 3706 alieuius
1137 3656 1185 3707 rei
1213 3656 1296 3724 peri·

278 3729 329 3780 den
352 3725 522 3778 Unoerstood.
545 3725 612 3776 Nem
630 3721 677 3791 τὴν
694 3719 762 3774 ‹ivoc-
815 3728 880 3773 tum
903 3739 990 3786 esse,
1012 3723 1133 3789 frequens
1156 3728 1197 3775 est
1217 3725 1295 3775 dictio

279 3815 313 3847 αν
335 3795 435 3846 dictum
464 3809 510 3858 pro
542 3790 602 3846 rosio
625 3788 761 3858 ἀνοήτους,
815 3790 884 3857 apud
900 3791 1045 3842 Platonem.
1062 3808 1086 3841 v.
1103 3792 1200 3843 Criton.
1218 3809 1242 3859 p.
1252 3789 1296 3845 48.

278 3872 307 3915 ut
337 3880 400 3914 vere
432 3860 580 3912 observavit
606 3859 763 3911 Heindor·
814 3861 846 3910 A.
864 3859 943 3926 Hipp.
961 3860 1024 3910 Mai.
1041 3857 1176 3927 essen.
1190 3862 1295 3913 Menon.

278 3934 354 3983 sius.
389 3929 527 3994 Loquendi
550 3945 633 3995 genus
657 3929 685 3978 in
702 3929 764 3978 Pro·
814 3944 839 3994 p.
857 3926 898 3979 71.
916 3930 945 3979 B.
963 3944 988 3994 p.
1006 3925 1048 3981 92.
1066 3928 1096 3979 O.
1113 3928 1218 3984 bochet.
1237 3926 1295 3980 199.

278 4002 347 4068 legg.
365 3999 399 4050 ed
416 4000 501 4064 Leges
517 3997 635 4049 Platonis
654 3995 711 4048 Vol.
728 3997 763 4046 11.
814 3996 846 4047 A.
863 3997 893 4047 B.

279 4086 303 4135 p.
320 4069 377 4120 LX.
395 4066 566 4118 centenimus
583 4065 763 4131 copiosius.-

281 4132 552 4202 εδάεὶὴδιαιον,
579 4132 765 4200 anajade-smol
848 4133 878 4182 E.
914 4138 1009 4183 τοῦτο
1044 4129 1104 4198 γὰρ
1140 4129 1224 4198 πρὸς
1260 4133 1295 4185 σὲ

280 4201 645 4270 οιααοροαείειηεεειιιιίτνάα
663 4201 763 4252 Dehoo
815 4198 942 4267 ίὲγν-]
977 4199 1044 4250 Vere
1070 4201 1171 4252 monuit
1198 4201 1295 4253 Hein-

280 4290 330 4326 usn
346 4289 403 4323 voc.
421 4269 467 4324 ἀεί
486 4289 511 4322 v.
535 4271 644 4339 Apolog.
663 4271 761 4322 Socrat
815 4268 947 4319 dorfius
968 4267 1032 4320 haec
1053 4267 1114 4319 addi
1129 4270 1162 4321 eb
1181 4269 1296 4337 Socrate,

281 4359 306 4410 p.
321 4340 364 4394 25.
382 4340 412 4392 O.
814 4353 847 4388 ne
862 4336 985 4403 Gorgiam
1001 4335 1071 4387 istud
1088 4334 1200 4404 αἰσχρόν
1216 4339 1296 4393 offen-

815 4404 866 4456 dat.
883 4420 908 4455 v.
926 4421 951 4472 p.
968 4398 1026 4458 462.
1043 4405 1074 4457 Ε.
1186 4439 1188 4443 -
