3242 5259
1232 568 1292 663 νοτ

503 601 688 664 GORGIAS.
709 603 743 662 P.
767 607 840 665 484.
861 606 932 661 485.
954 604 1000 663 ed.
1023 604 1066 663 St.

279 766 385 848 βαίνει
405 765 468 848 χδιρ
488 769 525 830 τὸ
546 776 606 830 τοῦ
629 766 827 847 Εὐριπίδου·
850 767 995 848 λαμπρός
1013 758 1038 828 τ’
1059 763 1296 842 ἐστὶνὲιιαστος

276 862 311 927 ἐν
333 864 449 946 τούτῳ,

684 958 763 1024 notet
783 952 868 1022 τοῦτ’
891 959 1056 1041 ἐπείγεται,

378 1054 486 1139 νέμων
507 1058 543 1121 τὸ
563 1059 754 1123 πλεῖστον
732 1057 853 1140 ημέρας
872 1059 977 1144 τούτῳ
997 1057 1103 1141 μέρος,

384 1149 423 1218 ἵν’
445 1156 542 1230 αὐτὸς
563 1155 664 1221 αὐτοῦ
684 1157 827 1237 τυγχάνῃ
849 1154 1052 1234 βέλτιστος”
1029 1178 1085 1218 ιον.

278 1250 365 1315 ὅπου
395 1247 424 1316 δ’
453 1253 494 1316 ἂν
530 1251 700 1370 φαῦλος’
678 1276 719 1371 χχ,
759 1252 911 1318 ἐντεῦθεν
938 1255 1051 1334 φεύγει
1079 1276 1132 1315 ιιαι
1159 1251 1300 1330 λοιδορεῖ
1317 1263 1380 1327 485

276 1360 391 1428 τοῦτο,
421 1346 459 1414 τδ
485 1348 552 1414 δ”’
534 1372 644 1432 ετερον
673 1348 814 1425 ἐπαινεῖ,
846 1352 956 1434 εὐνοίᾳ
976 1361 1015 1434 τῇ
1036 1346 1170 1426 ἑαυτοῦ,
1199 1349 1296 1432 ἠχού-

277 1469 375 1529 μενος
398 1447 500 1522 οὕτως
521 1444 619 1522 αὐτὸς
640 1443 757 1513 ἑαυτὸν
778 1447 929 1512 ἐπαινεῖν.
958 1443 1039 1526 ἀλλ’,
1061 1441 1165 1529 οἶμαι,
1186 1446 1224 1510 τὸ
1245 1446 1296 1528 ὀρ-

277 1547 423 1609 θότατόν
455 1544 540 1610 ἐστιν
577 1545 769 1629 ἀμφοτέροιν
797 1551 971 1629 μετασχεῖν.
1007 1546 1202 1632 φιλοσοφίας
1227 1542 1296 1627 μέν,

278 1639 359 1708 ὅσον
380 1644 527 1718 παιδείας
559 1646 668 1727 χοίριν,
697 1641 798 1708 καλὸν
818 1641 975 1726 μετέχειν,
1003 1643 1055 1707 καί
1084 1644 1144 1707 οὐκ
1165 1637 1298 1724 αίοχρδν

278 1743 432 1827 μειρακίῳ
454 1746 524 1807 ὄντι
554 1745 763 1823 φιλοσοφεῖν·
796 1741 927 1807 ἐπειδὰν
948 1740 982 1805 δὲ
1002 1741 1064 1824 ἤδη
1083 1743 1298 1823 πρεσβύτερος

277 1839 324 1903 διν
345 1845 521 1920 ἄνθρωπος
541 1837 587 1904 ἔτι
608 1848 786 1922 φιλοσοφῇ,
807 1838 1055 1923 καταγέλαστον,
1078 1831 1298 1919 ὦΣώιιρατες,

329 2052 357 2100 Ρ.
376 2048 434 2102 485,
453 2049 606 2114 λοιδορεῖ
620 2049 722 2117 τοῦτο]
749 2051 780 2104 V.
799 2047 894 2117 τούτῳ,
920 2052 988 2115 quod
1005 2067 1037 2100 ex
1056 2049 1130 2103 codd.
1148 2051 1253 2115 optimis
1270 2055 1297 2098 et

277 2119 356 2183 longe
372 2119 492 2183 plurimis
510 2118 681 2170 emendatum.

329 2185 514 2250 ἄνθρωπος
533 2187 579 2235 ἔτι
597 2185 774 2253 φιλοσοφῇ]
810 2186 916 2237 Soloeee
939 2185 1019 2251 vulgb
1045 2188 1200 2248 φιλοσοφεῖ,
1224 2184 1294 2249 quod

277 2254 443 2304 emendatum
460 2271 492 2305 ex
511 2254 599 2308 Clark.
614 2256 672 2307 Vat.
692 2254 770 2307 Ceisl.
783 2254 851 2308 Ven.
871 2255 930 2305 ΞΣ.
949 2254 1026 2308 Vind.
1044 2253 1067 2306 2,
1080 2252 1104 2307 6.
1122 2254 1182 2304 aliis
1199 2253 1296 2305 multis.

277 2447 452 2513 plurimum
477 2448 583 2498 alicui
600 2448 762 2512 tribuere,
814 2464 848 2498 se
876 2449 1014 2498 maxime
1043 2447 1212 2498 excellere
1230 2462 1297 2498 sen·

278 2516 422 2566 illustravit
439 2516 639 2571 Valckenar.
657 2517 675 2566 l.
694 2533 715 2566 ο.
737 2522 763 2566 et
815 2517 906 2567 serit.
931 2517 1020 2567 Genus
1037 2515 1161 2581 loquendi
1185 2516 1297 2580 expliea-

277 2584 312 2634 οδ
344 2585 480 2649 Hippolyt.
510 2600 534 2649 p.
564 2582 623 2636 306.
652 2612 685 2622 -
711 2587 762 2635 Pro
814 2586 852 2634 vit
868 2585 988 2634 Matth.
1006 2585 1030 2644 §-
1046 2583 1105 2635 460.

279 2651 406 2717 τυγχάνῃ,
442 2652 511 2716 qued
549 2652 647 2702 habent
688 2653 762 2703 codd.
848 2649 953 2703 Ρ..485
976 2654 1029 2702 καί
1054 2651 1296 2715 ίοιδορεῑιοῦ-

278 2736 369 2779 omnes
386 2725 488 2784 praeter
505 2736 586 2771 unum
601 2721 679 2784 Pion,
697 2721 763 2771 Ste-

277 2788 441 2852 phanus,
478 2788 762 2851 Valckenarius,

278 2855 518 2919 Heindorfius,
541 2826 762 2907 Βιιίιιιιιιιιιιιιί

277 2922 312 2973 ad
331 2923 460 2974 Alcibiad.
478 2924 511 2974 11.
529 2941 554 2990 p.
572 2923 629 2976 146.
648 2925 680 2974 A.
703 2942 762 2989 τυχ-

277 2989 361 3055 χάνει
378 2997 553 3054 correxerunt,
572 2995 634 3057 quia
649 2994 692 3041 ινα
708 3009 761 3042 non

279 3061 315 3108 sit
324 3059 453 3139 particula
467 3059 561 3122 finalis,
579 3061 624 3111 sed
633 3076 680 3125 pro
694 3059 762 3110 ὅπου

278 3128 402 3192 positum.
453 3128 487 3177 Et
514 3128 564 3179 hee
589 3129 693 3192 quidem
720 3144 763 3178 ve·

279 3212 351 3258 rum,
380 3194 426 3245 sed
450 3195 518 3259 quod
542 3195 603 3246 inde
631 3196 764 3247 concluse-

278 3269 341 3312 runt
365 3263 536 3314 indicativum
558 3279 615 3314 esse
640 3264 763 3315 redueen-

816 2719 879 2803 το]
887 2720 993 2771 Referas
1017 2726 1091 2769 τοῦτο
1114 2717 1185 2769 ο(1”
1170 2736 1238 2770 οιτον
1263 2717 1297 2769 ἂι

816 2779 893 2870 φῇ.
914 2786 1015 2839 Νειιι”
999 2805 1067 2838 οιτον
1085 2788 1154 2838 idem
1172 2793 1211 2838 est
1228 2789 1297 2852 qued

815 2855 846 2904 ἐν
872 2847 893 2921 ᾦ
916 2856 959 2906 vel
982 2853 1076 2920 sepi*
1061 2877 1083 2907 ο.
1119 2856 1195 2918 Quod
1217 2855 1296 2921 vulgo

813 2923 949 2988 legebatur
960 2921 1051 2990 τούτῳ,
1070 2924 1097 2972 id
1113 2924 1220 2990 linguae
1232 2924 1297 2989 legi-

814 2991 864 3041 bus
881 2992 1039 3043 adversatur.
1078 2993 1145 3043 Nam
1163 2992 1298 3042 verissime

815 3061 897 3110 schel.
914 3060 947 3110 ad
965 3061 1097 3124 Aristoph.
1115 3060 1183 3110 Plut.
1195 3076 1221 3110 v.
1233 3058 1296 3111 456ι

815 3124 842 3176 τδ
861 3126 1030 3209 ίοιδοροῦμαι
1056 3129 1205 3193 παθητικῶς
1230 3125 1298 3178 δοτι-

815 3200 847 3261 κῇ
866 3192 1049 3255 συντάσσεται,
1074 3194 1244 3261 ἑνερχητικοιο
1268 3193 1297 3245 δὲ

814 3263 952 3329 αἰτιατικῇ,
978 3262 1024 3313 ubi
1047 3278 1071 3312 v.
1094 3264 1204 3328 interpp.
1223 3262 1296 3313 Geni.

280 3331 357 3392 dum,
384 3331 413 3380 id
438 3331 581 3382 iudicatum
608 3337 648 3383 est
674 3331 763 3397 paullo
815 3330 928 3384 Matth
947 3332 971 3391 θ.
988 3328 1046 3381 384
1065 3326 1089 3379 2.

279 3367 504 3449 inconsideratius
531 3400 600 3450 Satis
617 3400 686 3451 enim
705 3417 764 3451 eon·
849 3395 931 3448 ὅσον
955 3397 1109 3449 παιδοιάι
1132 3394 1246 3463 χάριν]
1271 3413 1298 3446 ιο

279 3473 332 3518 stat
343 3474 450 3550 'poetas
479 3469 565 3532 epicos
600 3474 626 3517 et
652 3469 764 3534 tragicos
814 3466 865 3516 νίεί
880 3483 927 3516 νιν·
943 3466 1107 3531 οίίφειιιοίιιειι
1123 3464 1255 3528 Βίίιίιιιιφ
1256 3481 1297 3529 qe-

280 3534 319 3593 5s,
339 3533 416 3594 5srcs,
434 3532 511 3592 ὅπου,
531 3537 574 3585 ἴνα
592 3535 687 3600 (nbi),
705 3536 763 3593 ἕως,
815 3534 879 3584 tert.
896 3536 1043 3617 Protagp
1018 3531 1119 3618 p.312.
1138 3535 1176 3582 Β.
1198 3530 1299 3582 τούτων

280 3621 347 3666 πριν
365 3617 427 3652 οιιιιι
443 3603 499 3653 solo
514 3605 682 3654 eoniunetivo
703 3619 764 3653 eon·
815 3599 867 3667 γὰρ
887 3618 921 3652 ον
938 3597 1095 3684 ἑκαοτην’
1064 3620 1112 3651 orn
1130 3600 1182 3650 ἐπὶ
1201 3599 1297 3682 τὲχνχ

280 3671 424 3733 struxisse,
449 3670 496 3721 ubi
519 3687 612 3736 prosae
639 3672 764 3723 orationis
816 3665 951 3730 ἔναι’δεο
931 3687 967 3722 ur
985 3666 1143 3736 δημιουργὸς
1162 3664 1298 3752 ἐσόμενοι,

279 3754 345 3788 usus
363 3756 397 3788 αν
415 3737 530 3788 additum
547 3739 639 3805 poscit
656 3741 764 3790 v.Por·
815 3733 867 3786 ἀλλ’
901 3736 957 3787 ἐπὶ
991 3736 1142 3803 παιδειᾳ,
1178 3731 1214 3788 οδε
1253 3734 1299 3785 τδυ

279 3823 346 3857 son.
363 3805 398 3856 ad
414 3807 484 3857 Med
505 3824 531 3858 v.
548 3806 606 3858 222.
630 3808 662 3857 ed
680 3808 765 3858 Orest.
817 3800 925 3870 ἰδιώτην
942 3805 984 3855 καί
1007 3804 1053 3855 τὸν
1071 3789 1218 3869 ἐλεύθερον
1236 3803 1298 3868 πρέ-

281 3890 305 3924 τ.
319 3871 378 3926 141.
397 3879 423 3923 et
440 3890 505 3938 quos
514 3875 620 3926 laudavi
638 3875 671 3925 ad
683 3876 765 3926 Phae
816 3890 867 3922 πει.
901 3874 1034 3924 Theaetet.
1056 3888 1082 3938 p
1105 3872 1163 3957 145.
1185 3874 1224 3922 A:
1248 3874 1299 3935 ζω-

280 3943 340 3991 don.
360 3957 415 4006 eap.
432 3942 476 3991 VI.
495 3943 655 4005 Quocirea''
641 3961 685 3993 ινα
703 3961 762 4026 τνχ-
815 3939 959 4007 γραφικός,
993 3939 1180 4025 γεωμετρικός,
1202 3937 1299 4023 ἀστρο-

280 4008 360 4089 χάνῃ
374 4009 444 4059 idem
470 4018 509 4061 est
536 4007 649 4076 quod*
633 4027 701 4059 οιτον
731 4028 765 4060 αν
818 4008 938 4070 νομικός
977 4007 1132 4075 λογιστικόν,
1172 4008 1216 4058 καὶ
1250 4005 1300 4057 ὅσα

280 4072 403 4143 τυγχάνῃ.
437 4078 531 4129 Veram
554 4095 610 4128 esse
632 4079 734 4128 hane
725 4095 765 4128 ιιι-
816 4076 935 4130 τιαιδείαο
953 4078 1042 4140 ἔχεται.
1060 4077 1222 4127 Sententiam
1238 4075 1299 4128 illu·

280 4145 488 4210 terpretationem
531 4147 595 4197 satis
638 4151 765 4196 testantur
816 4150 881 4195 strat
899 4145 972 4195 loeus
997 4146 1037 4193 De
1054 4146 1116 4210 Βορ.
1135 4145 1181 4194 VI.
1198 4161 1223 4208 p.
1240 4142 1298 4195 487.

280 4213 538 4364 sessu
555 4213 891 4333 resse
816 4213 1122 4333 :s

281 4345 385 4398 αὐτοι
379 4349 527 4399 cohaeret
549 4365 608 4400 eum
626 4350 764 4414 βέλτιστος,
816 4350 922 4398 Frustra
944 4348 1113 4397 Hensdius
1141 4364 1204 4397 corr.
1233 4345 1300 4398 ὅσον

278 4423 309 4467 ut
332 4419 460 4467 sententia
482 4418 547 4468 haee
571 4419 618 4468 sit.
643 4419 677 4467 in
702 4434 764 4482 quo
816 4414 919 4468 παιδιᾶς
937 4411 1020 4480 χάριν.
1040 4416 1079 4466 cf
1097 4415 1174 4482 adp.
1193 4414 1252 4468 487.
1269 4419 1299 4466 Β.
