3242 5259
379 601 439 655 314
775 594 973 653 PLATONIS

376 761 445 842 ήκει
462 759 588 822 τούτων
604 761 712 839 ἄρχειν
732 761 845 820 πασῶν
865 761 931 820 τῶν
950 759 1070 838 τεχνῶν
1090 756 1144 820 καὶ
1164 763 1307 838 χρῆσθαι
1326 764 1392 833 τοῖς

376 859 501 921 τούτων
528 852 633 936 ἔργοις
660 855 713 919 διὰ
741 859 776 919 τὸ
803 853 920 917 είδέναι
949 850 967 918 ὅ
994 854 1080 918 τιτὸ
1101 853 1240 937 χρηστὸν
1262 856 1317 919 καὶ
1336 876 1390 921 πο

292 956 354 1021 518
376 955 478 1038 νηρὸν
505 957 570 1018 τῶν
598 955 707 1016 σιτίων
735 948 757 1034 ἢ
783 956 892 1017 ποτῶν
920 950 1005 1016 ἐστιν
1031 952 1076 1026 είς
1097 945 1215 1035 οίρέτὴν
1235 954 1390 1036 σώματος,

376 1052 433 1128 τδις
461 1053 489 1116 δ’
517 1057 615 1126 ἄλλας
635 1053 740 1126 παίσας
760 1053 878 1125 ταύτας
898 1042 1047 1132 ἀγνοεῖν·
1068 1052 1118 1115 διδ
1139 1049 1178 1134 δὴ
1199 1049 1255 1115 καί
1275 1053 1391 1128 ταύτας

376 1150 435 1233 μὲν
467 1151 697 1231 δουλοπρεπεῖς
723 1172 756 1213 τε
784 1147 838 1213 καὶ
865 1149 1050 1224 διακονικὰς
1075 1149 1131 1214 καὶ
1157 1144 1392 1232 ἀνελευθέρως

377 1243 460 1313 εἶναι
480 1248 552 1330 περὶ
573 1242 719 1329 σώματος
738 1249 967 1331 πραγματείαν,
988 1246 1045 1323 τὰς
1064 1253 1162 1322 ἄλλας
1181 1246 1312 1330 τέχνας·
1334 1247 1392 1330 τὴν

377 1347 411 1411 δὲ
432 1344 652 1428 γυμναστικὴν
672 1345 724 1409 καί
746 1344 892 1427 ἰατρικὴν
914 1345 1053 1411 κατὰτὸ
1074 1347 1201 1411 δίκαιον
1220 1347 1391 1422 δεσποίνας

377 1440 457 1509 εἶναι
475 1446 607 1509 τούτων.
628 1436 728 1507 ταύτὰ
744 1437 806 1508 οὖν
826 1449 929 1507 ταῦτα
950 1439 1002 1517 ὅτι
1020 1444 1084 1507 ἐστι
1104 1444 1158 1508 καίΙ
1178 1445 1252 1526 περὶ
1272 1446 1390 1527 ψυχήν.

376 1543 447 1607 τοτὲ
467 1541 526 1625 μέν
547 1566 602 1622 μοι
622 1542 727 1616 δοκεῖς
746 1542 928 1623 μανθάνειν
948 1541 997 1605 ὅτι
1017 1541 1116 1624 λέγω,
1147 1541 1202 1607 καὶ
1223 1543 1391 1625 ὁμολογεῖς

377 1641 420 1716 ῶς
435 1641 527 1714 εἰδὼς
544 1640 562 1704 5
579 1664 609 1702 τι
625 1638 688 1722 ἐγὼ
710 1639 807 1721 λέγω·
830 1639 916 1722 ἥκεις
936 1639 970 1704 δέ
990 1641 1102 1722 ὀλίγον
1121 1640 1259 1723 ὕστερον
1279 1638 1389 1724 λέγων,

324 1742 353 1806 Β
377 1738 426 1802 ὅτι
462 1742 632 1818 ἄνθρωποι
661 1737 754 1802 καλοὶ
782 1737 926 1819 κάγαθοὶ
955 1741 1106 1821 γεγόνασι
1132 1744 1261 1808 πολῖται
1291 1739 1328 1804 ἐν
1354 1751 1389 1822 τῇ

377 1838 476 1911 πόλει,
504 1835 558 1901 καὶ
577 1834 705 1900 ἐπειδὰν
725 1835 787 1917 ἐγὼ
808 1835 917 1919 ἐρωτῶ
937 1838 1062 1915 οἵτινες,
1084 1838 1190 1913 δοκεῖς
1210 1861 1267 1920 μοι
1286 1839 1390 1920 ὁμοιο-

377 1937 492 2009 τοίτους
506 1936 732 2016 προτείνεσθαι
748 1931 948 2018 ἀνθρώπους
963 1935 1087 2015 περὶτὰ
1109 1939 1268 2012 πολιτικοί,
1290 1936 1389 2019 ὥςπερ

377 2033 418 2098 διν
434 2035 461 2098 εί
475 2032 547 2116 περὶ
561 2032 600 2097 τδι
616 2034 818 2115 γυμναστικδι
836 2031 915 2115 ἐμοῦ
933 2031 1116 2114 ἐρωτῶντος
1136 2035 1252 2109 οἵτινες
1273 2031 1391 2117 ἀγαθοί

428 2208 444 2259 5
467 2228 493 2260 τι
514 2206 548 2260 τὸ
571 2205 728 2277 χρηστὸν]
746 2211 806 2260 Par.
824 2210 876 2259 IV.
893 2205 948 2259 ὅτι
964 2207 1087 2275 χρηστόν,
1105 2208 1174 2274 quod
1192 2210 1264 2260 dedit
1280 2212 1390 2262 Bekker.

377 2295 437 2331 eum
460 2278 528 2328 aliis.
563 2278 613 2328 Sed
635 2277 769 2328 nobiscum
792 2278 871 2329 sentit
886 2279 1043 2341 Hermann,
1069 2280 1114 2343 qui
1132 2294 1238 2329 sensum
1255 2283 1390 2331 verborum

377 2349 495 2414 flagitare
512 2347 650 2397 articulum
668 2363 728 2397 vere
746 2346 935 2397 animadvertit.

427 2417 457 2466 P.
474 2413 533 2465 518.
568 2414 618 2464 διὸ
638 2410 673 2496 δὴ
691 2415 743 2464 καί
762 2413 895 2480 ταύτας]
914 2413 1001 2478 Stepb.
1014 2411 1062 2472 δεῖ,
1074 2419 1104 2464 ut
1120 2414 1199 2464 babet
1215 2416 1276 2465 Par
1294 2415 1326 2465 E.
1343 2431 1390 2466 res

428 2484 457 2532 Β
493 2478 727 2549 ὁιίρτοκόποε]
752 2482 795 2532 sie
816 2482 904 2532 Clark.
923 2482 983 2531 Vat.
1002 2481 1080 2532 Coisl.
1098 2482 1164 2533 Van.
1185 2481 1246 2533 ΞΣ.
1272 2483 1351 2533 Viud.
1369 2483 1389 2532 1.

378 2549 402 2602 6
420 2550 443 2601 t.
467 2551 525 2600 Par.
543 2551 641 2601 EFW.
666 2550 735 2600 Flor.
754 2550 770 2599 f.
789 2566 808 2600 s.
828 2566 884 2599 cum
903 2549 962 2599 Ald
980 2551 1040 2598 Bas
1059 2549 1083 2599 1.
1101 2548 1126 2600 2.
1160 2550 1210 2600 Sed
1229 2551 1320 2615 Steph.
1338 2550 1391 2601 alii·

379 2636 428 2684 que
444 2615 595 2683 α’ρτοποιόε.
628 2619 785 2669 Nimirum
777 2635 800 2668 rs
824 2618 927 2667 videtur
948 2623 1092 2668 summotus
1114 2634 1171 2669 esse
1194 2618 1293 2668 iudicio
1311 2621 1391 2670 attici·

411 2785 427 2835 5
452 2805 478 2836 τι
502 2784 533 2837 τὸ
556 2785 704 2853 χρηστὸν
729 2788 781 2836 καί
807 2805 857 2836 πο·
909 2787 1086 2851 Exspectabas
1115 2788 1291 2837 subiectum
1282 2790 1316 2838 iri
1339 2788 1391 2838 τοτὲ

381 2852 499 2921 νηρόι]
530 2855 642 2919 quid'
635 2872 667 2904 ln
690 2856 779 2905 eibis
802 2860 859 2905 aut

379 2922 573 2987 potionibus
590 2923 677 2972 illud
695 2925 752 2983 sit,
775 2922 859 2988 quod

379 2991 542 3040 habeatur
570 2989 686 3040 bonum
716 2997 771 3040 sut
800 3007 859 3041 ma·

378 3058 456 3119 lum,
484 3056 569 3122 quod
590 3059 715 3108 attinet
738 3058 776 3108 ad
798 3060 859 3108 vir·

379 3131 477 3175 tutem
502 3127 668 3190 eorporis,
697 3143 791 3190 quum
816 3142 859 3175 ce-

379 3198 469 3244 terae
497 3210 608 3244 omnes
635 3194 667 3243 id
698 3195 859 3260 ignorent.

378 3262 464 3313 Verba
487 3262 625 3314 cohaerent
646 3263 697 3313 sie:
726 3260 741 3311 5
763 3281 784 3312 u
808 3280 860 3312 των

380 3334 469 3380 σιτίων
487 3327 503 3396 ἢ
521 3336 608 3381 ποτῶν
631 3329 684 3381 ἐστι
701 3329 728 3380 τὸ
746 3327 860 3396 χρηστὸν

379 3400 420 3448 καί
440 3397 561 3464 πονηρὸν
572 3418 594 3450 κ.
610 3418 628 3448 τ.
644 3401 665 3449 ί..
701 3398 763 3448 Inde
781 3403 859 3462 patet,

379 3483 424 3517 aur
441 3469 579 3518 articulum
597 3470 793 3517 servaverimus.

412 3570 441 3617 P.
458 3566 516 3619 518.
546 3566 599 3621 τίιε
619 3565 857 3634 ὅλλαετέχνας]

379 3638 453 3686 Haec
460 3638 636 3702 perspicuitat
629 3653 651 3685 ιε
619 3637 861 3686 tsaussaadiecta

379 3712 448 3754 sunt.
477 3705 612 3769 Loquendi
627 3720 710 3770 genus
721 3705 789 3770 adp.
801 3703 859 3756 501

378 3772 461 3822 A.t
434 3774 575 3854 attigimus.
610 3773 729 3822 Ceterum
752 3789 797 3836 pro
820 3769 860 3821 διὸ

379 3835 412 3906 δὴ
422 3839 464 3889 καί
476 3836 612 3892 ταύταε-
627 3833 697 3889 εἶναι
713 3840 766 3890 diei
783 3841 860 3889 etiam

379 3909 474 3992 potuit:
498 3905 573 3957 καί”
559 3925 595 3957 οτι
615 3904 646 3974 δὴ
664 3909 706 3958 καί
727 3905 767 3957 διὰ
785 3913 860 3957 τοῦτο

379 3968 557 4036 οὖταιμέν-
526 3970 747 4034 -ιίνελεύθεροί
736 3975 859 4057 [slot—3

380 4039 395 4110 ἡ
428 4041 457 4093 δὲ
488 4042 646 4110 γυμναστικὴ
684 4044 725 4094 καί
759 4041 861 4109 ἰατρικὴ

378 4140 412 4148 -
435 4110 574 4163 δέσποιναί
593 4111 646 4162 είσι
668 4110 774 4163 τούτων.
810 4111 861 4161 sed

379 4181 503 4231 transitur
530 4180 563 4231 ab
592 4196 642 4231 usu
667 4182 740 4232 vonis
765 4177 804 4232 ὅτι
828 4179 860 4230 ad

316 4265 319 4269 ·
378 4246 473 4284 {nsaw
572 4254 601 4268 “¹
656 4264 702 4284 ’Μ
723 4248 755 4301 tt
770 4249 798 4299 in
817 4249 861 4300 ob·

818 4380 860 4485 rr]

910 2854 940 2904 δέ
956 2852 1078 2921 λέγεις]
1063 2873 1101 2904 οτι
1112 2850 1255 2935 ἅνθρωποι
1269 2859 1320 2906 κτλ.
1343 2857 1391 2906 Sed

909 2924 1006 2973 maiore
1038 2938 1097 2972 eum
1127 2924 1256 2988 gravitate
1286 2924 1390 2975 dieitur:

909 2989 979 3056 ἧκειε
1002 2990 1032 3040 δέ
1054 2987 1145 3057 ὀλίγον
1168 2990 1284 3055 ὕστερον
1304 2992 1390 3059 λέγων,

910 3059 942 3109 δε
965 3058 1060 3122 quibus
1081 3058 1169 3109 verbis
1186 3062 1277 3110 monui
1295 3061 1391 3125 aliquid

910 3127 943 3176 ad
967 3142 991 3190 p.
1014 3125 1072 3177 491.
1094 3128 1124 3176 Β.
1160 3127 1282 3178 Ceterum
1313 3129 1390 3178 mani·

910 3195 1003 3245 festum
1032 3201 1071 3246 est
1101 3194 1181 3244 verba
1208 3196 1248 3245 ita
1271 3197 1391 3246 struenda

911 3278 981 3312 esse:
1011 3262 1067 3313 τοτὲ
1091 3263 1139 3323 μὲν
1166 3254 1217 3312 οὖν
1241 3281 1285 3324 μοι
1309 3263 1391 3316 δοκεῖν

910 3327 1060 3391 μανθάνειν
1082 3331 1149 3414 (ipt
1144 3330 1370 3412 elligere),“
1356 3350 1391 3383 οιι

911 3397 990 3464 λέγω,
1015 3396 1052 3448 ὅτι
1075 3394 1153 3448 ταύτὰ
1175 3404 1253 3448 ταῦτα
1271 3400 1324 3449 ἐστι
1343 3401 1390 3482 (1οΙ

911 3483 980 3516 eum
1014 3465 1150 3528 habent,
1183 3467 1319 3530 valent)
1349 3467 1390 3518 καί

911 3534 972 3598 περί
1002 3530 1097 3616 ψυχήν,
1128 3503 1169 3583 ubl
1194 3531 1333 3615 ὁμολογεῖν
1358 3533 1391 3588 ῶς

911 3599 1031 3654 είδωε”
1015 3621 1030 3652 ο
1055 3620 1076 3651 τι
1098 3599 1149 3667 ἐγῶ
1171 3600 1246 3668 λέγω.
1287 3606 1391 3654 Frustra

910 3671 1015 3721 fuerunt
1038 3671 1082 3734 qui
1106 3669 1121 3718 5
1143 3689 1165 3719 τι
1186 3670 1251 3738 λέγω
1269 3673 1390 3737 recipien-

912 3738 973 3787 dum
990 3740 1183 3799 arbitrarentur,
1208 3754 1288 3803 quam
1305 3740 1390 3791 lectio·

911 3822 969 3855 nem
981 3806 1054 3856 nullo
1063 3814 1139 3870 paeto
1148 3806 1283 3857 ferendam
1293 3824 1389 3861 censeo.

912 3876 975 3923 Mox
998 3890 1056 3924 voa.
1078 3871 1217 3938 sintpertus
1240 3875 1272 3925 de
1295 3876 1391 3942 glosse-

911 3949 979 3992 mate
1002 3949 1150 4007 suspeetum
1169 3943 1267 3993 Aetio
1289 3944 1391 3994 videba-

912 4017 966 4071 tur,
991 4013 1036 4074 qui
1053 4018 1139 4060 tamen
1157 4017 1248 4074 postea
1265 4028 1339 4062 suam
1356 4029 1390 4063 re

910 4048 1032 4128 trae'tavit
1060 4080 1222 4128 senteutiam.
1269 4081 1325 4131 Nea
1355 4087 1392 4130 est

911 4147 1039 4210 profecto,
1063 4163 1110 4197 eur
1135 4162 1191 4196 voe.
1214 4147 1391 4199 sollicitemus.

911 4215 979 4264 Nam
1011 4212 1152 4279 ἄνθρωποι
1178 4217 1251 4266 καλοί
1280 4214 1328 4284 κείγ
1330 4218 1394 4266 αθοι

911 4282 1019 4344 dieitur,
1051 4291 1080 4333 ut
1102 4283 1251 4334 ostendatur
1276 4286 1391 4336 Calliclis

911 4353 1066 4403 seutentiam
1110 4353 1242 4416 aliquibus
1284 4355 1391 4405 homiui-

910 4418 961 4472 bus
983 4421 1131 4472 memoratis
1155 4435 1248 4486 parum
1271 4438 1329 4475 essa
1351 4422 1391 4474 de-
