3242 5259
559 586 745 648 GORGIAS.
767 590 801 649 P.
825 592 894 648 512.
917 590 963 649 ed.
987 591 1030 650 St.

1242 600 1302 653 295

279 746 368 812 ἔστιν
389 751 407 814 ὃ
428 748 491 831 ἐγὼ
510 745 611 830 λέγω,
640 745 706 814 ἀλλ’
727 743 806 816 αὐτὸ
827 751 915 815 τοῦτ’
937 749 1022 815 ἔστιν
1043 752 1154 836 ἀρετή,
1186 757 1223 820 τὸ
1244 758 1302 819 σώ-

280 850 348 924 ζειν
368 847 469 912 αὐτὸν
489 847 543 911 καὶ
564 847 603 911 τὰ
624 844 743 912 ἑαυτοῦ
763 853 843 913 όντα
859 848 972 924 ὁποῖός
987 872 1035 923 τις
1051 846 1151 932 ἔτυχε,
1172 850 1301 935 καταγέ-

280 947 397 1020 λαστός
426 960 477 1009 σοι
503 946 522 1009 ό
549 947 653 1027 ψόγος
679 948 823 1027 γίγνεται
846 946 901 1009 καὶ
928 957 1151 1030 μηχανοποιοῦ
1181 949 1236 1012 καὶ
1257 951 1302 1013 ἰα-

281 1053 362 1124 τροῦ
391 1044 445 1106 καὶ
471 1046 537 1107 τῶν
570 1047 677 1108 ἄλλων
704 1049 842 1127 τεχνῶν,
876 1038 949 1108 ὅσαι
978 1053 1037 1109 τοῦ
1068 1047 1179 1123 σώζειν
1207 1045 1301 1111 ἕνεκα

282 1142 482 1224 πεποίηνται.
503 1137 588 1219 ἀλλ’,
620 1134 819 1225 dependere,
852 1135 931 1223 doc,
961 1140 1004 1226 μὴ
1025 1147 1103 1207 ἄλλο
1124 1145 1211 1207 τιτὸ
1231 1165 1300 1225 νεν-

281 1245 379 1304 ναῖον
405 1237 460 1304 καὶ
486 1239 522 1303 τὸ
552 1240 681 1321 ἀγαθὸν
707 1236 729 1321 ᾖ
756 1250 816 1303 τοῦ
850 1240 962 1318 σώζειν
988 1262 1021 1305 τε
1048 1240 1103 1304 καὶ
1133 1242 1300 1320 σώζεσθαι.
1329 1272 1336 1280 ·

280 1334 326 1420 μὴ
346 1336 409 1418 γὰρ
424 1345 521 1400 ’τοῦτο
536 1334 606 1418 μέν,
626 1339 661 1401 τὸ
681 1341 753 1420 ζῆν·
773 1336 897 1402 ὁπόσον
914 1336 948 1401 δὲ
967 1331 1101 1420 χρόνον,
1122 1340 1236 1420 τόνγε
1257 1340 1301 1415 ὠς
1325 1353 1355 1416 Ε

282 1436 414 1517 ἀληθῶς
441 1435 544 1515 ἄνδρα
573 1433 683 1499 ἐατέον
705 1434 770 1498 ἐστὶ
790 1433 844 1498 καὶ
874 1428 914 1498 οὐ
936 1435 1193 1518 φιλοψυχητέον,
1221 1437 1301 1501 ἀλλὰ

282 1528 498 1614 ἐπιτρέψαντα
518 1530 590 1611 περὶ
616 1533 741 1596 τούτων
769 1541 813 1613 τῷ
834 1538 901 1613 θεῷ
922 1531 977 1597 καὶ
997 1535 1213 1599 πιστεύσαντα
1231 1540 1301 1611 ταῖς

281 1747 330 1817 γὰρ
351 1753 427 1800 τοῦτο
445 1747 501 1810 μέν,
520 1745 548 1798 τό
566 1750 617 1814 ζῆν
634 1745 770 1814 droconis}
786 1767 827 1813 χρ.
844 1749 894 1800 Sed
912 1756 982 1801 recte
996 1748 1098 1802 ὁπόσον
1116 1751 1145 1803 δέ
1153 1769 1192 1817 χρ.
1212 1753 1300 1803 Clark.

282 1820 349 1881 Vat,
368 1817 437 1882 qued
455 1831 526 1867 nunc
548 1819 660 1882 primum
683 1818 850 1868 restituimus.
885 1817 949 1869 Inde
972 1824 1056 1870 ortum
1079 1826 1118 1870 est
1140 1817 1242 1870 ὁπόσον
1261 1820 1303 1871 δεῖ

281 1889 341 1936 Par.
360 1886 449 1938 GIW.
466 1886 536 1935 Flor.
553 1901 576 1935 a.
595 1885 618 1934 d.
637 1885 656 1935 f.
673 1902 699 1934 x.
718 1891 743 1934 et
758 1901 796 1950 pr.
815 1902 848 1935 m.
866 1887 952 1937 BEF.
975 1887 1026 1937 Pro
1045 1887 1134 1938 ἐατέον
1152 1889 1300 1953 Stephanus

280 1954 371 2004 invitis
395 1952 470 2003 libris
493 1952 615 2003 omnibus
636 1954 741 2018 scripsit
764 1949 879 2007 εὐκτέον.
914 1957 1088 2006 Buttmanuus
1111 1955 1173 2006 olim
1196 1973 1242 2021 pro
1265 1954 1301 2025 μὴ

278 2021 329 2088 γὰρ
348 2021 515 2072 scribendum
531 2020 642 2086 putabat
658 2021 701 2070 rel
719 2017 777 2087 γάρ.
797 2022 1032 2073 Wiuekelmannus
1050 2024 1109 2077 Act
1128 2024 1186 2076 Soc.
1206 2025 1299 2076 Graec.

280 2238 414 2275 servare
444 2228 544 2286 atque
567 2223 708 2276 servari.
732 2223 764 2272 cf.

280 2295 369 2342 Rost.
389 2293 411 2352 5.
431 2287 487 2341 108.
506 2295 594 2340 annot.
612 2287 652 2339 19.

313 2356 355 2425 μὴ
373 2355 434 2425 γὰρ
459 2361 554 2408 τοῦτο
573 2355 648 2417 μέν,
666 2384 698 2394 -
717 2355 763 2406 έο-

281 2427 355 2478 τέον
373 2423 454 2492 iore]
472 2427 568 2476 Totum
584 2425 670 2475 locum
688 2425 767 2475 refert

280 2499 381 2546 Marc.
398 2493 555 2543 Antonin.
575 2492 673 2544 Corum.
691 2493 765 2543 adse

279 2566 367 2629 ipsum
400 2560 471 2612 Libr.
499 2561 558 2610 VlI.
596 2561 664 2613 Sect
694 2561 764 2614 XVI.

280 2631 418 2683 Sententia
435 2627 572 2678 verborum
596 2630 659 2679 satis
677 2635 765 2694 aperta

281 2705 333 2750 est:
353 2700 446 2760 Nam,
470 2697 569 2762 inquit,
586 2696 676 2746 istud
700 2697 764 2762 qui·

279 2767 365 2829 dem,
389 2780 482 2829 quam
507 2764 563 2814 diu
586 2765 698 2827 vivas,
727 2766 764 2827 ei,

280 2835 335 2900 qui
360 2849 437 2883 vere
461 2832 511 2882 vir
539 2833 597 2895 sit,
624 2847 687 2882 non
716 2847 764 2882 cu-

279 2901 419 2952 randum
447 2905 510 2961 est,
539 2915 647 2965 neque
668 2900 764 2961 vvitae

281 2970 386 3022 amori
415 2967 676 3032 indulgendum,
709 2968 764 3019 sed

279 3037 486 3090 committere
508 3035 568 3085 hoo
591 3036 687 3086 debet
704 3035 764 3086 deo

280 3112 379 3170 atque
414 3102 515 3153 iidem
547 3102 671 3153 habens
704 3119 764 3154 mu-

278 3172 438 3224 lierculis
455 3170 697 3222 dictitantibus
715 3187 763 3221 ne·

279 3243 401 3291 minem
417 3239 523 3290 ullum
540 3253 640 3304 posse
657 3239 763 3289 fatum

280 3309 446 3374 effugere,
481 3305 599 3357 deinde
628 3306 661 3356 id
697 3323 764 3372 spe-

278 3383 384 3438 ctare,
420 3372 583 3440 quomodo
617 3380 666 3428 etc.
712 3375 764 3426 Sed

278 3446 400 3495 haeretur
416 3445 443 3492 in
461 3441 571 3508 vulgata
587 3442 698 3492 lectione
708 3459 764 3493 ver·

280 3513 372 3563 borum
390 3526 468 3576 supra
484 3509 618 3571 iudicata..
630 3511 763 3575 Stepha-

278 3596 340 3630 nus
374 3578 406 3629 de
431 3579 588 3628 (lornarii
615 3579 764 3631 coniectura

279 3648 396 3713 reposuit
414 3642 521 3696 εὐκτέον
539 3644 607 3704 lori,
625 3647 693 3710 quod
710 3663 763 3697 non

278 3716 390 3767 debebat
407 3714 515 3778 probare
527 3714 762 3765 Heindoriius.

278 3786 346 3836 Nam
364 3787 394 3841 ut
410 3788 510 3832 taceam
531 3782 640 3831 formam
658 3779 763 3833 εὐκτέον

278 3851 417 3903 admodum
452 3865 508 3900 esse
535 3855 693 3914 suspectam,
731 3851 763 3900 de

278 3937 331 3985 qua
359 3935 387 3968 re
413 3917 465 3967 vid.
489 3918 631 3968 Bestius
653 3918 762 3983 Epistol.

277 3988 359 4038 critic.
382 4003 406 4052 p.
429 3983 488 4035 217.
515 3984 554 4035 ed.
577 3985 664 4051 Lipa,
694 3986 763 4036 male

277 4056 396 4121 profecto
414 4058 473 4118 post
489 4049 528 4117 μὴ
547 4049 596 4120 γὰρ
609 4081 643 4091 -
656 4049 763 4104 εὐκτέον

277 4125 368 4174 statim
390 4122 527 4171 inferretur
554 4122 597 4171 nal
626 4117 664 4170 οὐ
689 4123 761 4184 φιλο-

277 4189 430 4255 ψοχητέον.,
449 4189 580 4251 Quocirca
597 4189 763 4240 Buttman-

277 4275 339 4309 nus
363 4259 427 4310 olim
449 4255 615 4307 scribendum
635 4258 760 4308 coniecit:

278 4327 320 4378 nal
349 4323 401 4392 peip
427 4351 460 4363 -
484 4322 575 4374 ἐατέον
608 4323 678 4386 lori,
710 4342 763 4389 qua

277 4395 429 4446 coniectura
450 4409 514 4444 sane
531 4394 674 4444 sermatiae
696 4392 762 4444 bene

817 2222 969 2273 consulitur.
1022 2222 1073 2272 Sed
1112 2228 1198 2274 tamen
1237 2223 1300 2274 libri

817 2306 906 2340 omnes
923 2294 1071 2340 constanter
1080 2289 1116 2357 μή
1131 2297 1227 2342 teuent.
1249 2295 1299 2342 Ite·

816 2374 867 2422 que
883 2358 952 2410 idem
975 2359 1015 2408 vir
1040 2358 1131 2409 doctus
1152 2365 1244 2425 postea
1264 2358 1300 2425 μή

817 2427 914 2476 dictum
936 2442 993 2477 esse
1017 2427 1120 2489 statuit,
1141 2429 1219 2478 sicuti
1241 2434 1301 2493 post

817 2491 868 2557 ὅρα
885 2501 912 2543 et
929 2493 1033 2544 δέδοικα
1050 2495 1114 2545 alibi
1128 2495 1230 2545 dicitur.
1250 2497 1299 2546 Ve-

816 2576 874 2611 rum
891 2577 940 2612 nec
963 2562 1027 2612 haec
1049 2564 1114 2613 ratio
1138 2568 1208 2613 earet
1225 2562 1299 2613 dubi-

817 2632 922 2680 tatione.
953 2630 1128 2692 Quamobrem
1146 2632 1298 2682 Herman-

816 2713 875 2747 nus
893 2713 976 2761 nuper
993 2698 1116 2749 audacter
1134 2699 1166 2749 de
1179 2715 1226 2750 suo
1236 2701 1298 2749 scri-
1336 2754 1341 2761 ,

816 2766 881 2830 psit:
900 2761 951 2830 ἡδύ
968 2761 1018 2830 γὰρ
1038 2767 1175 2826 τοῦτομὲν
1191 2762 1218 2817 τὸ
1236 2768 1297 2832 ζῆν·

817 2829 920 2882 ὁπόσον
943 2831 973 2883 δὲ
989 2833 1089 2897 χρόνον
1112 2852 1133 2883 κ.
1153 2853 1173 2886 τ.
1190 2837 1211 2884 l.
1247 2834 1298 2893 Sed

817 2901 936 2966 displicet
958 2901 1028 2951 istud
1051 2898 1101 2968 ἡδύ
1124 2918 1170 2967 pro
1189 2900 1222 2967 μὴ
1244 2912 1306 2952 nou'

815 2969 892 3018 modo
915 2969 1041 3020 audaciae
1063 2972 1182 3032 nomine,
1209 2986 1298 3020 verum

816 3037 894 3087 etiam
916 3037 989 3099 ideo,
1014 3039 1076 3102 quia
1098 3039 1145 3089 illo
1168 3037 1298 3089 vocabulo

816 3107 1034 3170 argumentationi
1058 3107 1205 3156 obtruditur
1226 3109 1298 3157 notio

816 3190 832 3223 a
848 3189 876 3222 re
893 3174 950 3238 ipsa
966 3190 1037 3228 nuuc
1054 3174 1149 3224 aliena.
1166 3175 1221 3224 Nec
1237 3190 1297 3225 vero

815 3246 889 3290 tauta
905 3256 971 3306 opus
989 3243 1039 3290 fuit
1055 3242 1207 3291 mutatione.
1241 3243 1297 3292 Imo

815 3309 882 3357 nihil
910 3309 962 3357 uisi
991 3305 1094 3358 ὁπόσον
1117 3307 1147 3358 δὲ
1174 3324 1206 3357 ex
1232 3311 1297 3373 opti-

814 3377 864 3426 mis
882 3376 1014 3426 codicibus
1036 3376 1086 3425 fuit
1103 3375 1298 3438 restituendum,

816 3444 885 3508 quod
907 3459 978 3493 nunc
1001 3443 1181 3492 revocavimus
1210 3459 1297 3494 emen·

816 3511 876 3561 date
909 3511 1047 3562 verborum
1081 3511 1298 3576 interpunctione.

815 3579 856 3629 Ita
879 3580 948 3628 euim
969 3579 1001 3629 ad
1026 3575 1059 3644 μή
1083 3575 1132 3644 γὰρ
1158 3583 1244 3636 τοῦτο,
1269 3575 1297 3630 τὸ

816 3649 882 3712 ζῇν,
916 3646 1114 3711 intelligendum
1141 3645 1297 3711 relinquitur

815 3716 876 3764 οἴου
910 3713 936 3765 τὸ
965 3711 1072 3782 ἀγαθὸν
1099 3714 1142 3765 καὶ
1173 3721 1297 3780 γενναῖον

815 3775 897 3841 εἶναι,
922 3784 974 3833 hoc
995 3799 1087 3834 seusu:
1117 3780 1188 3832 noli
1211 3783 1295 3832 enim

814 3856 928 3915 putare
956 3851 1048 3901 istud
1081 3849 1222 3915 quidem,
1252 3851 1295 3899 vi-

814 3919 940 3969 delicet
969 3925 1003 3968 ut
1025 3919 1122 3968 vivas
1144 3918 1232 3983 (cuius
1258 3918 1296 3967 rei

814 3987 885 4038 notio
908 3988 961 4036 iarn
982 4000 1134 4052 praegresso
1154 3982 1249 4048 σώζειν
1270 4002 1295 4034 τε

815 4054 856 4104 καὶ
882 4051 1016 4117 σώζεσθαι
1032 4054 1147 4103 indicata
1164 4053 1221 4117 est),
1243 4052 1296 4102 ho-

814 4128 945 4171 nestum
962 4129 1061 4186 atque
1079 4120 1293 4171 bouumesse:

815 4187 1294 4252 imoquamdiu(vivat)‚ideum,

814 4257 869 4323 qui
903 4273 980 4307 vere
1008 4258 1057 4306 vir
1087 4256 1142 4316 sit,
1178 4270 1294 4305 curare

814 4331 1030 4390 nonoportet
1053 4329 1100 4374 ete.
1135 4320 1293 4388 Δᾶμὴγὰρ

815 4397 888 4443 τοῦτο
920 4390 969 4454 μέν
1002 4393 1070 4457 quod
1097 4390 1296 4457 intelligendum
