3242 5259
556 593 611 651 ΑΙ)
633 593 817 654 GORGIAM
837 594 1040 653 PLATONIS.
1267 600 1305 654 53

286 763 363 821 alius
384 761 500 836 generis
520 781 631 837 parare.
681 763 770 821 Guius
797 763 916 840 quidem
943 762 1105 821 sententiae
1135 768 1306 837 argumenta

285 847 359 906 satis
380 845 483 920 gravia
503 851 590 924 atque
611 846 738 906 illustria
751 853 918 923 suppetunt.
950 849 1026 904 Nam
1046 847 1172 922 primum
1186 848 1304 926 quidem

284 931 350 1007 ipsa
371 930 523 990 dialectica
543 929 575 988 in
590 931 696 1006 Gorgia
716 938 857 1007 usurpata
877 952 936 990 non
957 933 1040 990 modo
1061 931 1093 988 in
1115 953 1148 990 eo
1160 939 1303 1005 versatur,

286 1022 322 1076 ut
342 1015 574 1075 adversariorum
594 1017 756 1075 sententiae
770 1021 872 1091 argute
891 1016 1063 1075 refellantur
1075 1036 1162 1075 verae
1182 1018 1304 1076 rationis

286 1101 341 1160 rix
360 1101 477 1159 levibus
497 1099 671 1178 quibusdam
692 1101 776 1160 factis
794 1101 1062 1175 significationibus,
1083 1101 1168 1160 sicuti
1188 1102 1220 1159 in
1241 1102 1302 1159 dia-

285 1185 361 1260 logis
382 1204 463 1243 more
478 1184 623 1244 Socratico
644 1186 759 1263 scriptis
780 1187 844 1244 fieri
864 1186 1056 1256 meminimus,
1079 1187 1129 1243 sed
1152 1186 1301 1263 aliquanto

286 1276 334 1329 est
352 1269 491 1340 severior,
513 1288 604 1347 quum
622 1288 675 1345 per
688 1289 752 1329 eam
773 1276 892 1329 strenue
913 1271 944 1328 id
965 1275 1077 1345 agatur,
1098 1275 1140 1341 ut,
1160 1270 1229 1330 licet
1249 1291 1301 1346 per

286 1354 387 1415 omnia
407 1355 537 1412 urbanae
562 1353 702 1413 irrisionis
729 1355 774 1414 vis
795 1355 973 1414 admirabilis
1001 1354 1176 1427 dominetur,
1202 1361 1301 1414 tamen

284 1439 366 1511 item,
397 1437 469 1517 quid
489 1457 592 1497 verum
612 1444 782 1517 rectumque
802 1441 946 1512 videatur,
974 1439 1152 1498 luculentius
1185 1440 1301 1498 demon-

286 1529 405 1583 stretur.
435 1522 548 1582 Deinde
568 1523 623 1581 loci
638 1524 757 1601 quidam
770 1524 979 1601 philosophiae,
1001 1524 1107 1582 utiam
1121 1544 1159 1582 ex
1172 1525 1300 1600 superio-

284 1609 367 1667 ribus
381 1612 472 1684 patet,
486 1612 547 1666 tam
558 1608 642 1684 plene
658 1615 849 1687 accurateque
860 1609 1054 1680 illustrantur,
1066 1614 1100 1667 ut
1111 1610 1301 1685 philosophus

284 1692 423 1753 rideatur
442 1692 512 1750 hinc
531 1692 713 1769 potissimum
739 1694 771 1751 in
791 1693 990 1770 philosophiae
1010 1694 1127 1751 moralis
1153 1694 1301 1770 principiis

284 1777 402 1854 plenius
416 1776 595 1854 explicandis
616 1777 726 1853 cepisse
739 1778 864 1836 initium.
892 1777 1033 1840 Quocirca
1053 1797 1107 1836 nec
1120 1778 1226 1836 mirum
1240 1780 1299 1837 cui·

284 1881 374 1941 quam
387 1861 508 1932 accidet,
529 1862 607 1939 quod
621 1862 657 1919 de
671 1862 790 1920 iucundi
804 1869 835 1921 et
848 1862 1007 1938 voluptatis
1028 1868 1134 1921 natura
1147 1869 1248 1938 postea
1267 1864 1300 1921 in

285 1947 409 2004 Philebo
423 1951 454 2005 et
467 1946 627 2022 Republica
641 1947 777 2022 exposmt
796 1947 903 2004 similia
915 1949 1051 2026 quodque
1064 1947 1096 2005 in
1109 1948 1221 2006 duobus
1230 1948 1299 2006 Rei-

284 2031 420 2107 publicae
431 2030 514 2089 libris
519 2030 671 2106 prioribus,
678 2031 841 2105 graviorem
853 2032 888 2089 de
900 2031 1014 2090 iustitia
1024 2032 1170 2108 etoptima
1181 2032 1299 2091 civitate

284 2121 474 2192 suscepturus
495 2115 729 2190 disputationem,
751 2117 998 2193 Thrasymachum
1017 2117 1241 2175 Chalcedonium
1263 2118 1299 2174 de

283 2200 388 2258 iisdem
418 2200 479 2257 fere
507 2201 594 2258 rebus
622 2200 733 2258 fraudis
761 2201 905 2275 coarguit,
935 2202 970 2259 de
999 2201 1104 2278 quibus
1132 2201 1164 2258 in
1192 2201 1299 2276 Gorgia

283 2285 389 2343 Polum
418 2284 522 2342 erroris
551 2284 712 2356 convincit,
742 2291 830 2363 atque
851 2286 1041 2345 Adimantum
1070 2291 1100 2344 et
1120 2286 1298 2344 Glauconem

283 2369 391 2428 similia
419 2369 452 2426 in
479 2368 606 2426 medium
633 2369 737 2427 afferre
764 2369 863 2442 iussit,
893 2390 980 2448 quam
1007 2370 1040 2427 in
1061 2371 1167 2443 Gorgia
1194 2370 1298 2429 tribuit

283 2453 405 2513 Callicli,
441 2453 585 2511 Nimirum
605 2454 742 2513 resumsit
761 2454 802 2512 ibi
822 2460 972 2532 tamquam
992 2454 1074 2511 filum
1094 2454 1297 2529 disputationis

283 2539 314 2596 in
328 2538 438 2612 Gorgia
460 2539 528 2596 olim
548 2537 632 2616 quasi
652 2539 820 2597 inchoatum
842 2558 875 2596 ac
889 2540 983 2597 denuc
1004 2539 1035 2595 in
1055 2539 1215 2612 legentium
1235 2538 1297 2596 ani·

282 2644 345 2682 mos
365 2623 530 2694 revocavit,
557 2641 632 2700 quae
653 2628 797 2699 postremo
817 2623 850 2681 in
871 2624 978 2698 Gorgia
998 2624 1033 2680 de
1055 2622 1211 2681 moralibus
1232 2623 1297 2698 phi-

282 2708 433 2784 losophiae
453 2706 601 2784 principiis
615 2713 678 2766 erat
693 2713 910 2766 commentatus.
933 2707 1054 2766 Accedit
1067 2709 1103 2766 ad
1118 2709 1198 2778 haec,
1220 2708 1297 2785 quod

283 2793 455 2869 primarium
483 2792 550 2851 libri
578 2798 779 2866 argumentum
800 2793 908 2851 talibus
929 2793 1093 2869 philosophi
1120 2793 1298 2868 temporibus

283 2879 368 2952 longe
391 2877 509 2938 videtur
529 2877 620 2936 fiiisse
642 2877 955 2936 convenientissimum.
983 2876 1082 2939 Quum
1102 2878 1180 2935 enim
1200 2897 1298 2935 rerum

283 2963 415 3022 civilium
430 2962 526 3021 studio
540 2962 625 3038 plane
639 2962 800 3021 valedicere
814 2967 844 3020 et
857 2962 1055 3039 philosophiae
1062 2961 1298 3021 meditationibus

282 3067 387 3106 vacare
409 3046 622 3118 constituisset,
652 3047 722 3124 quid
751 3067 858 3124 quaeso
879 3047 975 3124 potuit
994 3048 1089 3105 facere
1110 3053 1173 3105 tum
1194 3067 1297 3122 oppor-

282 3133 399 3203 tunius,
422 3151 511 3210 quam
531 3132 580 3191 rel
600 3131 774 3207 perniciosas
803 3137 833 3190 et
853 3132 998 3209 improbas
1025 3132 1175 3190 rhetorum
1195 3137 1225 3189 et
1252 3132 1297 3191 vi·

281 3236 383 3276 rorum
403 3216 535 3275 civilium
562 3222 639 3274 artes
667 3216 809 3289 castigare
830 3217 879 3275 vel
905 3216 1104 3292 philosophiae
1125 3216 1297 3290 dignitatem

281 3309 370 3380 atque
393 3300 602 3376 praestantiam
622 3300 654 3357 in
674 3300 831 3359 illustriore
856 3301 921 3358 luce
943 3300 1097 3358 collocare?
1138 3301 1296 3359 Enimvero

279 3386 336 3445 isto
366 3385 487 3464 quidem
514 3388 598 3461 pacto
619 3389 721 3462 sponte
750 3392 870 3461 apparet
896 3386 1058 3443 defendisse
1084 3385 1181 3460 ipsum
1210 3384 1297 3442 simul

281 3471 397 3545 egregie
418 3470 501 3541 illud,
522 3471 600 3548 quod
620 3475 684 3529 tum
705 3469 800 3527 animo
822 3469 966 3544 agitabat,
988 3471 1024 3528 de
1044 3469 1194 3544 deligendo
1215 3469 1295 3526 vitae

280 3575 389 3629 genere
417 3553 569 3613 eonsilium
597 3559 685 3632 atque
714 3573 830 3612 caussas
856 3555 1011 3630 aperuisse,
1040 3573 1091 3612 cur
1110 3545 1230 3629 posthac
1251 3574 1296 3612 re-

280 3640 400 3716 publica
421 3639 566 3698 abstinere
594 3644 624 3698 et
649 3639 717 3696 unis
738 3638 936 3715 philosophiae
965 3638 1068 3698 studiis
1094 3657 1197 3697 vacare
1219 3640 1296 3715 apud

280 3725 413 3784 animum
426 3723 632 3783 constituisset.
660 3724 690 3781 N
690 3742 722 3782 ec
742 3743 811 3783 vero
831 3724 891 3781 ullo
905 3726 989 3782 modo
1003 3727 1157 3783 obscurum
1170 3723 1295 3794 videtur,

280 3810 333 3888 qui
353 3809 420 3868 fieri
440 3808 583 3885 potuerit,
605 3813 639 3867 ut
658 3809 714 3866 hoc
734 3808 786 3866 tali
813 3813 942 3884 tempore
964 3829 1054 3887 quum
1074 3810 1110 3868 de
1131 3809 1209 3866 omni
1229 3809 1295 3866 rhe-

280 3895 374 3954 torica
395 3898 427 3953 et
447 3897 510 3952 arte
532 3893 620 3965 civili,
649 3898 712 3952 tum
739 3892 880 3970 imprimis
901 3893 990 3952 etiam
1011 3895 1046 3952 de
1068 3893 1297 3953 Atheniensibus

279 3997 442 4057 eorumque
461 3978 638 4055 reipublicae
659 3979 899 4052 gubernatoribus
927 3979 1049 4037 subinde
1070 3977 1201 4036 acerbius
1221 3977 1296 4035 iudi-

279 4069 361 4124 caret
389 4067 480 4141 atque
507 4063 633 4122 Socratis
661 4082 791 4121 caussam
819 4082 879 4120 non
899 4063 961 4121 sine
990 4063 1079 4121 animi
1100 4064 1224 4140 quadam
1251 4062 1296 4119 in-

279 4147 452 4223 dignatione
487 4148 537 4206 vcl
563 4154 737 4207 memoraret
770 4149 820 4208 vel
847 4149 1023 4206 defenderet.
1079 4147 1155 4205 Nam
1183 4147 1208 4204 si
1234 4147 1295 4204 ullo

278 4242 420 4309 tempora,
443 4236 521 4291 certe
541 4238 605 4291 tum
619 4234 668 4291 vel
680 4232 806 4290 maxime
821 4232 923 4292 debuit
935 4232 1051 4302 sentire,
1070 4235 1180 4309 quanta
1191 4231 1297 4291 firisset

278 4317 451 4394 indignitas,
472 4336 532 4396 qua
551 4317 595 4377 ita
614 4318 725 4376 factum
746 4322 831 4388 esset,
852 4323 887 4376 ut
906 4317 953 4376 vir
972 4315 1224 4374 innocentissimus
1243 4337 1296 4393 pu-

279 4403 355 4484 blice
362 4407 517 4481 accusatus
525 4401 628 4479 capitis
639 4401 779 4484 supplicio
786 4402 959 4463 afficeretur.
971 4404 1070 4482 Atque
1079 4401 1214 4461 convenit
1225 4403 1298 4466 haec
