3242 5259
326 604 386 658 216
742 596 938 656 PLATONIS

325 760 378 826 καὶ
409 770 472 823 νῦν
494 756 584 840 λέγω.
628 761 701 821 Est.
734 761 880 838 Πότερον
902 757 935 822 δὲ
955 760 1014 823 τὸν
1035 757 1136 822 αὐτὸν
1157 759 1271 838 βελτίω
1290 782 1335 823 κα-

279 864 305 931 C
328 863 392 932 λεῑς
413 858 454 921 σὺ
474 856 527 921 καὶ
544 856 693 934 κρείττους
713 848 871 937 οὐδὲγάρ
891 879 941 920 τοι
959 857 1029 921 τότε
1051 849 1120 930 οἷός
1140 851 1166 919 τ’
1186 849 1208 938 ἦ
1228 862 1337 938 μαθεῖν

327 972 399 1030 σου,
420 956 451 1020 τί
464 977 540 1020 ποτε
559 951 667 1035 λέγεις.
681 955 819 1033 κότερον
838 954 914 1028 τοὺς
935 949 1163 1036 ἰσχυροτέρους
1182 956 1338 1035 κρείττους

326 1059 442 1130 καλεῖς,
464 1052 517 1116 καί
534 1053 584 1116 δεῖ
601 1052 785 1133 ἀκροᾶσθαι
805 1058 865 1114 τοῦ
886 1049 1095 1135 ἰσχυροτέρου
1115 1045 1194 1126 τοὺς
1214 1053 1338 1117 dotave-

327 1148 476 1232 στέρονς,
509 1143 580 1214 οἶόν
607 1172 663 1232 μοι
683 1150 787 1224 δοκεῖς
807 1147 861 1212 καὶ
881 1151 953 1213 τότε
974 1146 1222 1227 ἐνδείκνυσθαι,
1250 1150 1292 1226 ὡς
1312 1151 1339 1214 αἱ

327 1252 460 1333 μεγάλαι
487 1250 593 1321 πόλεις
620 1246 669 1310 ἐντί
699 1246 755 1321 τὰς
782 1246 917 1328 σμικρὰς
944 1245 1025 1310 κατὰ
1045 1247 1081 1310 τὸ
1102 1248 1201 1327 φύσει
1220 1249 1339 1313 δίκαιον

328 1343 484 1428 ἔρχονται,
506 1345 554 1409 ὅτι
570 1346 734 1424 κρείττους
747 1343 805 1407 εἰσὶ
819 1344 873 1408 καί
892 1345 1101 1426 ἰσχυρότεραι,
1122 1344 1167 1420 ὡς
1188 1347 1226 1410 τδ
1246 1352 1338 1425 κρεῖτ-

328 1467 387 1508 τον
406 1444 460 1506 καὶ
482 1445 687 1525 ίσχυρότερου
708 1440 761 1505 καὶ
782 1441 908 1523 βέλτιον
929 1442 1047 1505 ταύτὸν
1068 1445 1118 1518 ὄν,
1148 1443 1170 1525 ἢ
1191 1441 1259 1508 ἔστι
1279 1447 1339 1526 βελ-

328 1542 385 1604 τίω
412 1539 471 1623 μὲν
500 1536 596 1617 εἶναι,
628 1540 711 1622 ἥττω
740 1538 845 1603 δὲκαὶ
868 1538 1112 1619 ἀσθενέστερον,
1140 1541 1193 1606 καί
1216 1544 1339 1623 κρείττω

329 1637 388 1721 μὲν
417 1632 516 1713 εἶναι,
545 1639 785 1720 μοχθηρότερον
812 1635 862 1700 δέ·
895 1637 916 1719 ἢ
946 1638 1082 1712 ὁαύτὸς
1102 1637 1181 1719 ὅρος
1202 1637 1269 1703 ἐστὶ
1288 1645 1339 1705 τοῦ

275 1742 307 1805 Ι)
331 1737 493 1817 βελτίονος
521 1734 574 1798 καὶ
602 1745 661 1798 τοῦ
688 1735 886 1815 κρείττονος;
916 1735 1013 1808 τοῦτό
1042 1758 1097 1817 μοι
1125 1738 1207 1800 αὐτὸ
1238 1742 1341 1819 σαφῶς

330 1834 490 1912 διόρισον,
522 1833 641 1896 ταύτὸν
661 1832 682 1914 ἢ
702 1829 812 1913 ἕτερόν
833 1830 896 1896 ἐστι
917 1833 954 1896 τὸ
976 1838 1123 1913 κρεῖττον
1144 1835 1198 1897 καὶ
1219 1837 1258 1898 τδ
1278 1833 1338 1917 βέλ-

382 2001 412 2051 C.
447 1998 518 2050 τότε
537 1995 610 2052 olcis
630 1996 647 2048 τ’
666 1991 683 2063 ἦ
701 1997 740 2064 μ.]
759 2000 791 2048 V.
808 1990 849 2065 ἦν.
873 1997 960 2049 Clark.
980 1990 1012 2066 ἦν.
1037 2001 1096 2051 Par.
1115 2001 1164 2052 cl.
1183 2007 1341 2067 etquattuor

330 2069 443 2120 Florent.
462 2061 494 2118 εἶ.
523 2068 598 2118 Unde
621 2072 712 2131 sponte
737 2069 845 2133 emergit
862 2082 924 2116 vera
940 2069 1069 2133 scriptura
1087 2061 1118 2135 ἦ,
1138 2085 1219 2134 quam
1238 2073 1341 2122 servavit

330 2138 391 2187 Vnt.
404 2139 436 2186 Δ.
453 2153 477 2185 ν.
491 2152 551 2186 ann.
567 2135 600 2185 ad
613 2135 701 2199 Symp.
715 2150 739 2199 p.
753 2133 810 2187 173,
821 2134 853 2184 A.
871 2133 929 2184 221.
944 2137 976 2186 A.
998 2137 1134 2187 Matthiae.
1154 2138 1200 2188 Gr.
1220 2140 1244 2200 5.
1254 2137 1310 2190 216.
1320 2137 1341 2189 4.

330 2212 356 2254 et
379 2207 423 2270 qui
440 2204 483 2253 'ibi
504 2202 650 2253 laudantur.
685 2202 754 2252 Illud
778 2204 854 2253 nobis
878 2202 994 2253 videmur
1012 2207 1179 2267 observasse,
1202 2207 1272 2271 apud
1288 2207 1340 2256 Pn-

330 2281 417 2323 tonem
428 2273 496 2322 hanc
509 2272 652 2336 imperfecti
669 2271 778 2320 formam
795 2271 908 2320 maxime
926 2273 953 2319 in
971 2272 1090 2322 formulis
1108 2279 1135 2322 et
1152 2273 1341 2338 loquutionibus

329 2341 412 2391 multo
429 2356 480 2390 usu
497 2342 572 2400 tritis,
590 2338 674 2403 qualis
693 2344 731 2387 est
748 2333 805 2390 οἷός
824 2337 843 2387 τ’
863 2329 887 2404 ἦ,
905 2338 1070 2402 frequentari.

382 2405 500 2458 ταύτὸν
525 2405 574 2473 ὅν]
609 2407 640 2456 V.
667 2402 743 2455 ταύτὸ
768 2403 800 2454 ὅν
828 2412 929 2471 praeter
951 2406 1036 2457 <fidem
1063 2407 1190 2459 librorum
1218 2416 1341 2475 praestan·

331 2477 495 2527 tissimorum.

332 2643 392 2710 φής,
410 2644 648 2759 αοοᾶοορίτοίὶοὲο
664 2641 810 2722 iterandam
863 2643 915 2692 fere
942 2642 1076 2722 hominum
1102 2645 1201 2708 opinio.
1235 2648 1276 2696 Ex
1297 2662 1341 2710 quo

332 2712 688 2845 tt·itg¹}‘.⁶‘pf³it÷⁰.¹‘o¹ti
704 2712 811 2828 tritt:
863 2713 1278 2832 {3t3‡t¹¹;i¹¹5ntit⁰¹¹n¹t;,⁸t
1292 2713 1341 2847 ti

333 2849 364 2897 T.
382 2848 415 2896 11.
438 2848 466 2896 Ρ.
485 2846 519 2895 ΙΙ.
543 2862 568 2909 p.
582 2843 655 2906 641„
674 2847 718 2909 qui
736 2845 812 2911 legit:
865 2845 1015 2907 hibeamnr‚
1046 2847 1196 2913 falsumque
1224 2866 1280 2901 esse
1304 2866 1341 2919 qr

334 2913 362 2977 ἐξ
379 2910 459 2979 ἀρχῆς
476 2940 509 2949 -
529 2910 674 2975 Πίνδαρον.
700 2909 726 2961 τὸ
752 2911 814 2962 κατὰ
865 2919 946 2978 paret,
964 2913 1033 2978 quod
1051 2922 1130 2965 antea
1144 2915 1287 2979 dicebatur,
1302 2933 1341 2967 na·

334 2980 418 3044 φύοιν
444 2976 518 3045 ἄγειν
536 2980 582 3044 βίᾳ
600 3008 632 3016 -
651 2984 697 3028 τοῦ
716 2982 813 3040 φαυλο-
865 2991 950 3030 turam
963 2982 1063 3032 fortiori
1074 2981 1101 3031 id
1117 2983 1183 3035 iuris
1201 2985 1341 3046 concedere,

335 3047 426 3112 ιὲρου;
450 3045 484 3113 μή
502 3066 523 3096 ιι
541 3043 600 3096 ἄλλο
619 3046 697 3113 λέγειν
716 3065 737 3095 κ.
757 3066 775 3096 τ.
793 3050 813 3097 λ.
866 3055 894 3098 ut
907 3047 1034 3112 quidlibet
1050 3065 1096 3114 pro
1115 3066 1163 3100 suo
1181 3054 1266 3117 ipsius
1283 3053 1341 3103 arbi-

333 3116 478 3181 Respicitur
499 3115 532 3164 ad
553 3115 632 3163 verba
650 3113 767 3164 Calliclis
790 3132 814 3179 p.
865 3118 914 3166 trio
933 3117 1028 3167 audere
1046 3119 1137 3182 possit.

333 3182 391 3235 484.
409 3185 438 3234 Β.
461 3212 493 3220 -
520 3185 560 3232 De
578 3179 611 3247 μὴ
629 3184 814 3248 interrogativo
1029 3225 1039 3236 ,
1074 3215 1081 3234 ,
1332 3227 1341 3238 ,

334 3253 401 3302 conf.
420 3253 503 3301 Rost.
524 3252 568 3301 Gr,
588 3248 815 3315 §.123b.8.a.y.
874 3219 955 3302 ,καὶ
988 3216 1035 3299 32⁶⁴
1060 3221 1261 3303 ,ακροᾶσθαι
1293 3240 1342 3271 '⁰²'

368 3320 429 3403 Cap.
452 3319 546 3369 XLIII.
588 3320 616 3368 B.
658 3316 815 3381 Πότερον
868 3286 1341 3404 ’ἰδέηςασᾷ’ἕ.θῒ.οηοτω

334 3383 604 3450 δὲτοναύτδνβ.
624 3384 655 3451 κε]
680 3387 817 3435 Refutatu-
867 3368 881 3401 ⁰
912 3369 926 3402 e
956 3369 1007 3402 ¹¹⁰
1046 3354 1119 3404 vah
1147 3371 1215 3407 ¹⁰¹¹
1255 3356 1340 3408 ΠΜ

332 3471 377 3505 rus
392 3456 511 3506 Socrates
524 3454 643 3504 Calliclis
661 3455 816 3503 sententiam
867 3420 965 3502 filli?
975 3437 1034 3494 ¹⁸⁸?
1061 3423 1129 3472 Nm
1146 3423 1186 3474 5¹²⁸
1202 3420 1341 3506 α”ξθθᾶθθῦί

866 3488 1079 3552 1ntelhgendum,
1118 3496 1149 3540 ut
1181 3492 1339 3558 Aristoph.

332 3540 366 3573 ex
397 3540 427 3574 eo
457 3522 573 3586 quaerit,
604 3538 742 3586 quemnam
770 3518 817 3570 τὸν
862 3557 932 3605 „m
960 3572 984 3605 v.
1009 3554 1085 3609 ΜΟ.
1112 3558 1152 3609 ed·
1175 3560 1256 3612 Dina·
1288 3561 1340 3611 m&

334 3595 439 3654 κρείττω
453 3590 569 3670 2dixerit'
605 3589 646 3669 tid
665 3605 729 3652 quae
746 3594 815 3668 ΡΨ
867 3624 1006 3674 stravimus
1044 3641 1121 3676 usum
1158 3625 1187 3676 lo
1207 3629 1285 3679 uendi
1314 3626 1339 3678 ad

333 3675 412 3724 quam
434 3659 478 3707 hie
501 3656 635 3721 respond1t
656 3673 683 3706 se
702 3673 760 3708 enm
777 3672 817 3705 ιο·
866 3692 1012 3742 Phaedrum
1030 3709 1054 3758 p.
1072 3691 1132 3745 253·
1149 3644 1207 3744 Eq‘l
1280 3681 1283 3686 -

332 3727 462 3792 telligere,
492 3726 538 3789 qni
558 3725 617 3789 plus
639 3726 733 3774 virium
757 3725 816 3773 aliis

332 3795 442 3855 habeat,
461 3793 507 3842 ille
525 3792 618 3841 deinde
636 3792 726 3843 docere
743 3793 818 3842 insti-
902 3793 954 3841 καί
991 3790 1061 3844 τότε
1090 3793 1338 3852 ἐνδείκνυσθαι,

332 3863 382 3911 tuit
399 3863 465 3911 haec
481 3875 598 3925 pugnare
616 3876 673 3908 cum
691 3861 732 3921 iis,
751 3875 816 3924 quae
868 3856 909 3912 oie
927 3859 974 3925 -]
998 3862 1029 3910 In
1053 3861 1093 3912 his
1112 3860 1170 3912 τότε
1188 3870 1229 3915 eat
1245 3870 1339 3922 antea,

333 3936 410 3979 antea
434 3928 465 3978 de
490 3928 548 3993 lege
571 3932 679 3977 naturae
703 3927 735 3977 ab
760 3929 816 3991 ipso
868 3943 946 3992 quum
957 3928 1039 3978 dehis
1048 3932 1127 3980 rebus
1141 3931 1295 3998 disputares,
1305 3947 1340 3980 ne

334 3997 463 4062 disputato
487 3997 546 4048 sint.
582 3996 649 4044 Nam
666 3995 754 4056 multi,
778 3997 817 4043 in·
868 4012 918 4060 que
933 3996 1076 4047 audiendus
1093 4004 1134 4048 eat
1150 4000 1340 4057 Findeiseo„

334 4067 402 4129 quit,
437 4070 506 4115 certe
539 4062 600 4127 plus
635 4063 725 4112 valent
755 4079 816 4115 uno.
868 4064 913 4127 qni
939 4062 1006 4130 τῷδε
1031 4065 1074 4115 vel
1101 4065 1189 4118 τοῖνδε
1215 4068 1339 4134 legendum

236 4147 238 4150 ’
335 4133 408 4194 Quae
426 4139 512 4182 autem
530 4130 603 4181 iubet
620 4131 767 4190 multitudo,
785 4147 817 4180 ea
868 4132 1021 4196 suspicatur.
1045 4134 1196 4199 Respicitur
1212 4136 1246 4186 od
1256 4153 1280 4202 p.
1292 4131 1339 4186 483-

334 4200 402 4250 iusta
424 4201 559 4250 habentur.
594 4199 649 4248 Iam
673 4215 704 4249 ea
723 4198 817 4248 melius
868 4200 900 4248 D.
913 4201 943 4251 E.
973 4197 1089 4250 siezoza
1102 4218 1156 4252 non
1174 4219 1234 4255 raro
1251 4204 1340 4254 dicitur.

335 4283 391 4316 esse
413 4268 536 4318 iniuriam
558 4267 611 4330 pati
636 4283 714 4331 quam
731 4268 817 4316 faeere
868 4269 1002 4332 Protagor.
1025 4283 1050 4332 p.
1070 4265 1129 4320 325.
1147 4271 1185 4320 E:
1214 4271 1242 4322 οἱ
1263 4270 1293 4321 δὲ
1311 4268 1340 4318 δι·

336 4336 408 4397 quasi
425 4337 482 4402 lege
500 4334 611 4399 quadam
629 4336 729 4384 sanxit:
748 4349 817 4383 com·
869 4333 993 4384 idoneior
1010 4333 1109 4386 τούτων
1121 4354 1148 4388 τε
1166 4337 1340 4400 ἐπιμελοῦνται,

335 4403 420 4450 munis
449 4404 518 4452 enim
546 4403 610 4451 haec
639 4408 677 4451 est
702 4403 816 4452 omnium
869 4402 910 4452 καί
923 4399 1032 4452 ἐπειδὰν
1042 4395 1078 4454 αὖ
1094 4401 1233 4470 γράμματα
1249 4405 1340 4468 μάθον
