3242 5259
391 610 431 663 50
747 601 1047 662 PROLESOMENA

390 773 505 831 iniuriis
526 772 688 832 constantia
705 791 741 839 ‚ae
763 772 914 846 dignitate,
936 773 1017 844 aliae,
1043 791 1116 850 quas
1137 775 1224 830 antea
1244 771 1404 845 attigimus.

392 856 474 920 Quae
494 878 541 916 res
561 878 661 916 omnes
688 877 741 933 per
769 877 800 916 se
828 862 943 917 tantum
970 858 1080 916 habent
1100 857 1254 928 momenti,
1281 862 1317 915 ut
1336 877 1403 932 pro-

390 943 487 1001 babile
508 943 547 1002 sit
567 962 616 1001 ees
637 963 654 1001 a
674 941 846 1018 philosopho
876 944 1033 1001 deliberato
1054 942 1173 1001 oonsilio
1202 941 1344 1018 copiosius
1372 942 1404 999 iu

390 1028 445 1086 hoc
465 1027 539 1087 libro
560 1047 623 1086 esse
642 1031 789 1086 tractatas.
811 1028 922 1086 Verum
942 1027 1022 1085 haud
1042 1027 1108 1099 seio,
1132 1047 1170 1085 an
1189 1031 1305 1103 praeter
1325 1026 1404 1103 prin-

391 1113 484 1188 cipem
503 1113 584 1170 illam
605 1113 641 1170 de
662 1116 724 1170 arte
744 1112 889 1170 rhetorica
918 1131 952 1170 ae
972 1111 1052 1171 civili
1078 1111 1304 1188 disputationem
1329 1111 1405 1169 nihil

390 1198 422 1255 in
441 1198 498 1255 hoc
518 1217 648 1257 sermone
668 1200 783 1256 tentum
801 1197 910 1255 habeat
923 1197 1058 1273 ponderis
1079 1201 1109 1255 et
1129 1196 1290 1271 gravitffis,
1311 1215 1404 1275 quan-

390 1288 454 1342 tum
469 1283 594 1342 Socratis
614 1282 723 1340 iniuste
737 1280 919 1340 condemnati
937 1281 1111 1340 defendendi
1130 1281 1289 1340 consilium.
1319 1279 1405 1343 Quod

391 1388 481 1446 quum
502 1368 566 1426 aliis
589 1387 627 1425 cx
647 1366 751 1440 locist)
778 1372 855 1426 recte
876 1366 1009 1426 videmur
1030 1367 1171 1441 colligere,
1192 1371 1256 1426 tum
1275 1366 1404 1424 maxime

392 1473 430 1512 ex
457 1453 493 1511 iis
521 1454 633 1510 elucere
660 1457 811 1529 putamus,
841 1471 916 1530 quae
937 1473 965 1528 p.
989 1455 1058 1510 521.
1080 1453 1117 1510 Δ.
1138 1471 1218 1530 seqq.
1246 1471 1266 1510 a
1285 1451 1404 1510 Socrate

391 1538 582 1597 disserimtur.
624 1537 769 1596 Videntur
788 1537 875 1607 enim,
896 1541 1051 1615 postquam
1070 1536 1118 1596 vir
1139 1536 1338 1596 sanctissimus
1358 1537 1403 1594 in·

391 1622 594 1680 iustoiudicio
615 1641 631 1679 e
652 1622 747 1680 medio
768 1622 901 1681 sublatus
922 1627 999 1693 erat,
1021 1621 1099 1680 inter
1117 1622 1248 1681 rhetores
1270 1640 1304 1679 sc
1324 1620 1404 1687 viros

392 1707 491 1767 civiles
511 1707 637 1767 novitios
659 1707 815 1779 exstitisse,
837 1706 888 1785 qui
909 1707 997 1764 huius
1017 1707 1060 1764 rei
1079 1725 1210 1765 acumem
1230 1726 1347 1765 omnem
1366 1725 1405 1764 ex

392 1794 511 1851 obscuro
533 1792 595 1850 eius
616 1797 647 1851 et
666 1792 827 1851 umbratico
854 1791 1053 1867 philosophiae
1082 1791 1178 1850 studio
1207 1796 1238 1851 et
1264 1811 1303 1849 ex
1332 1791 1405 1850 artis

391 1877 532 1935 oratoriae
553 1881 700 1936 contemtu
714 1875 935 1952 repeterentst)
954 1876 1081 1953 indeque
1100 1877 1202 1935 docere
1221 1880 1404 1948 conarentur,

391 1967 569 2039 quantopere
596 1962 779 2038 philosophia
799 1980 874 2037 prae
902 1966 965 2020 arte
992 1961 1118 2020 oratoria
1144 1980 1178 2019 ee
1205 1961 1285 2022 civili
1306 1964 1405 2020 conm-

391 2047 516 2104 mnenda
536 2051 622 2105 esset.
650 2045 780 2109 Quorum
801 2045 1015 2104 criminationes
1034 2051 1070 2106 ut
1088 2046 1298 2117 refellerentur,
1320 2046 1405 2106 Plato

390 2131 422 2188 in
443 2133 498 2189 hoc
517 2150 648 2189 sermone
668 2150 728 2188 non
748 2132 843 2189 solnm
870 2132 972 2188 doecre
992 2131 1106 2190 studuit
1133 2131 1257 2190 mtifioiu
1282 2131 1407 2190 istorum

391 2217 541 2274 hominum
562 2236 624 2275 esse
638 2217 769 2292 improba
790 2221 821 2275 et
841 2215 981 2291 pestifera
994 2215 1114 2288 civitati,
1135 2215 1289 2275 sedetiam
1308 2220 1406 2275 osten-

392 2301 435 2361 dit
455 2303 549 2360 solum
570 2302 716 2360 Socratem
735 2300 812 2359 inter
832 2300 1028 2359 Athenienses
1049 2301 1196 2360 exstitisse
1217 2300 1314 2361 virum
1334 2320 1405 2362 vere

391 2381 558 2459 πολιτικόν,
587 2392 621 2446 ut
649 2387 700 2464 qui
727 2385 833 2461 spretis
859 2385 1019 2444 humilibus
1045 2385 1111 2444 istis
1139 2385 1266 2458 artibus,
1297 2386 1405 2464 quibus

391 2472 480 2546 vulgo
501 2471 633 2529 homines
654 2473 691 2529 ad
711 2470 872 2545 potentiam
893 2475 923 2529 et
935 2471 1059 2529 honores
1078 2470 1229 2546 pervenire
1243 2470 1404 2543 studerent,

391 2577 443 2633 per
461 2560 554 2615 totam
574 2556 666 2617 vitam
686 2555 771 2612 uni'ce
791 2555 822 2613 id
844 2554 949 2628 egerit,
970 2560 1006 2613 ut
1026 2555 1134 2616 civium
1154 2574 1273 2614 suorum
1292 2556 1405 2615 animos

392 2642 428 2698 ad
448 2641 604 2711 iustitiam,
636 2640 873 2716 temperantiam,
894 2640 1069 2716 probitatem
1089 2645 1271 2700 converteret
1298 2646 1331 2702 et
1350 2641 1404 2699 im·

391 2725 524 2799 pelleret,
553 2726 589 2783 ab
609 2724 794 2800 improbitate
816 2730 846 2782 et
867 2725 1013 2783 iniustitia
1034 2730 1181 2797 avocaret,
1211 2730 1300 2804 etque
1329 2725 1406 2784 hauc

391 2808 484 2883 ipsam
505 2827 636 2866 caussam
655 2808 755 2879 fuisse,
777 2827 829 2865 cur
849 2811 885 2867 ab
900 2809 1130 2869 Atheniensibus
1148 2811 1250 2870 mortis
1263 2810 1406 2887 supplicio

392 2893 513 2951 affectus
535 2892 694 2966 essetrrr).
736 2891 802 2954 Qua
823 2893 934 2952 ratione
956 2900 1055 2953 eutem
1073 2895 1123 2953 ille
1145 2913 1241 2953 coram
1260 2895 1405 2954 iudicibus

392 2997 523 3035 caussam
544 2997 626 3035 suam
646 2977 837 3048 defendisset,
865 2978 895 3036 id
917 2979 1079 3053 accuratius
1107 2978 1205 3038 docuit
1224 2980 1305 3039 edita
1325 2982 1403 3056 Apo-

390 3062 475 3135 logia,
496 3063 528 3118 in
549 3081 607 3138 qua
628 3062 775 3120 Socratem
799 3063 897 3138 ipsum
916 3064 952 3121 de
975 3064 1037 3123 vita
1053 3053 1116 3122 'sua
1136 3065 1207 3123 fecit
1226 3063 1341 3141 copiose
1361 3065 1403 3123 di-

391 3152 503 3204 centem
531 3151 561 3206 et
588 3147 672 3224 quasi
699 3148 865 3222 exemplum
893 3150 1037 3226 quoddam
1063 3149 1220 3208 rhetorices
1241 3149 1405 3209 Socraticae

389 3230 553 3308 proposuit,
588 3236 623 3290 ut
653 3232 737 3290 facile
764 3232 857 3307 possit
885 3233 1009 3308 intelligi
1041 3234 1095 3292 hos
1122 3234 1211 3293 libros
1240 3234 1406 3309 argumenti

391 3318 516 3394 quadam
544 3317 713 3390 cognatione
746 3316 824 3375 inter
852 3337 882 3375 se
912 3318 1061 3377 contineri.
1118 3317 1303 3398 Quamquam
1329 3318 1405 3380 reri-

390 3401 483 3460 simile
505 3406 550 3460 est
570 3402 722 3459 Platonem
743 3402 800 3461 ista
814 3401 901 3460 simul
914 3421 968 3460 sua
982 3422 1084 3462 caussa
1097 3403 1253 3480 scripsisse,
1275 3405 1404 3483 quando·

389 3487 507 3562 quidem
528 3487 645 3543 Socrate
665 3486 819 3545 interemto
839 3486 870 3544 id
891 3488 1002 3546 consilii
1024 3487 1109 3564 cepit,
1129 3495 1164 3548 ut
1182 3507 1302 3565 prorsus
1322 3509 1342 3547 a
1359 3509 1403 3548 re-

388 3571 504 3645 publica
525 3570 685 3629 abstineret
701 3575 731 3628 et
751 3571 818 3630 unis
838 3578 956 3631 vacaret
976 3572 1175 3650 philosophiae
1196 3574 1310 3633 studiis
1340 3575 1404 3632 Hoc

388 3654 479 3728 igitur
498 3654 577 3714 vitae
597 3655 628 3711 in
655 3660 803 3730 posterum
832 3657 978 3730 degendae
1006 3658 1159 3716 eonsilium
1186 3658 1304 3718 videtur
1331 3659 1401 3718 item

389 3739 512 3813 Gorgiae
530 3739 683 3815 scriptione
704 3740 832 3799 voluisse
854 3742 1008 3801 defendere
1028 3743 1149 3822 eiusque
1169 3762 1287 3803 caussas
1307 3749 1340 3804 et
1360 3762 1403 3803 ra·

388 3825 482 3883 tiones
502 3823 617 3900 publice
637 3824 782 3883 declarare
789 3825 826 3900 t).

798 3999 1001 4008 ——-—-—-..

436 4154 1058 4325 {gelidpili-'nlltlliSall'd',Sitrisp.
1068 4226 1126 4280 saa
1135 4228 1249 4296 aseqq.
1264 4229 1399 4296 pocae

436 4359 464 4422 †)
482 4294 548 4411 ilelie
563 4292 896 4413 Silili'iiiiiiehsrus
914 4364 1025 4414 Praesat.
1043 4364 1077 4414 ad
1095 4364 1174 4430 Gorg.
1195 4375 1219 4430 p.
1229 4359 1275 4416 19:
1294 4362 1399 4432 „Vides

388 4425 491 4475 Asdara
507 4428 569 4478 steht
585 4430 614 4478 ta
630 4431 701 4480 siser
717 4447 744 4481 so
758 4446 877 4495 percaeca
900 4430 1064 4498 Verbiadanq
1080 4433 1127 4483 mit
1142 4433 1189 4484 der
1204 4431 1400 4500 γνωμῃ
