3242 5259
560 599 615 656 An
637 597 821 658 GORGIAM
842 599 1045 657 PLATONIS.
1270 604 1307 659 37

290 766 364 824 stica
386 765 588 840 cognationem
609 770 721 825 tantam
743 786 805 824 esse
827 766 881 837 ait,
911 771 946 825 ut
966 771 1090 844 utraque
1111 769 1200 841 vulgo
1221 769 1309 827 etiam

290 850 518 921 commisceatur,
539 851 643 908 deinde
665 851 752 909 etiam
772 850 803 907 in
825 850 966 928 colloquio
988 871 1053 908 oum
1071 851 1187 910 Callicle
1208 853 1309 910 habito

289 955 316 1010 p.
340 940 412 993 520.
436 938 472 992 A.
495 936 537 1006 Β.,
558 935 608 993 ubi
630 934 790 1010 sophistam
811 941 842 993 et
861 935 1007 993 rhetorem
1028 935 1069 993 ait
1090 955 1153 994 esse
1173 938 1306 1009 eundem,

288 1019 358 1078 lieet
372 1020 421 1077 hio
437 1018 630 1094 sophisticam,
646 1019 778 1096 quamvis
792 1019 936 1076 rhetorica
953 1021 1200 1094 praestantiorem,
1215 1021 1307 1079 soleat

287 1104 419 1161 fastuose
442 1107 633 1161 contemnere.
672 1105 802 1160 Taxatur
823 1109 921 1161 autem
942 1104 1085 1161 rhetorica
1104 1105 1136 1161 in
1156 1105 1211 1161 hoc
1231 1105 1305 1162 libro

287 1207 346 1244 non
368 1188 440 1246 artis
470 1187 600 1258 nomine,
629 1192 663 1246 ut
690 1190 799 1245 factum
827 1195 873 1245 est
900 1187 931 1244 in
952 1189 1100 1258 Phaedro,
1130 1191 1179 1246 sed
1207 1189 1304 1263 potius

287 1277 406 1347 propter
427 1271 642 1347 improbitatem
664 1277 693 1330 et
713 1271 889 1348 nequitiam,
919 1273 1153 1349 quandoquidem
1173 1272 1303 1331 iustitiae

286 1357 441 1434 omnisque
462 1356 580 1415 virtutis
606 1357 692 1415 laude
713 1356 859 1432 privatur,
889 1376 977 1433 quam
997 1357 1081 1414 Plato
1109 1358 1145 1414 ad
1167 1357 1303 1434 eloquen-

287 1440 359 1498 tiam
381 1445 412 1499 et
433 1445 525 1499 artem
546 1440 661 1499 civilem
689 1440 774 1515 plane
796 1440 988 1498 necessariam
1016 1460 1079 1499 esse
1101 1441 1155 1500 sibi
1183 1461 1301 1517 persua-

285 1529 372 1583 serat.
407 1528 507 1602 Atque
528 1525 575 1582 hic
595 1544 684 1600 prope
704 1524 789 1583 inviti
803 1524 972 1583 devenimus
991 1525 1049 1582 iam
1072 1527 1108 1583 ad
1123 1526 1201 1583 aliud
1223 1526 1301 1604 quid,

285 1609 364 1689 quod
384 1612 474 1684 probe
495 1608 660 1667 meminisse
688 1611 724 1666 ad
746 1609 898 1666 eonsilium
918 1609 1063 1680 Platonis,
1093 1611 1178 1686 quale
1207 1610 1303 1668 tenuit

283 1693 315 1750 in
330 1693 439 1767 Gorgia
453 1693 612 1763 scribendo,
633 1698 711 1751 recte
733 1692 945 1750 aestimandum
958 1693 1201 1771 iudicandumque
1214 1695 1300 1769 plane

284 1782 330 1836 est
350 1777 555 1836 necessarium.
599 1779 748 1837 Profectus
777 1777 854 1834 enim
883 1778 966 1835 Plato
994 1778 1026 1834 in
1052 1777 1214 1836 iudicandis
1234 1779 1300 1836 rhe-

284 1867 383 1920 torum
405 1867 436 1920 et
456 1862 586 1920 virorum
608 1862 737 1919 civilium
759 1861 864 1919 studiis
886 1881 903 1918 a
925 1862 1064 1931 Socratis,
1094 1863 1224 1937 magistri
1246 1864 1300 1933 sui,
1335 1880 1337 1885 ⁴

283 1946 432 2004 sententia
452 1954 512 2017 est,
543 1946 592 2024 qui
621 1946 695 2003 nihil
723 1945 820 2004 aiebat
847 1966 909 2004 esse
937 1946 1022 2018 utile,
1052 1948 1128 2023 quod
1150 1968 1208 2004 non
1228 1947 1299 2004 item

283 2032 442 2090 honestum
464 2034 551 2102 esset,
574 2033 703 2107 adeoque
724 2031 868 2088 exsecrari
893 2031 1004 2089 solebat
1025 2050 1082 2102 eos,
1104 2031 1154 2108 qui
1174 2016 1299 2107 primum

282 2117 441 2173 honestum
464 2122 494 2174 et
514 2115 595 2186 utile,
616 2121 722 2174 natura
736 2115 927 2186 cohaerentia,
949 2115 1081 2190 opinione
1095 2116 1300 2174 distraxissent

285 2219 318 2257 ac
340 2199 495 2258 dissidium
508 2199 587 2257 istud
609 2200 698 2258 etiam
712 2199 744 2255 in
757 2199 837 2257 vitae
851 2200 1009 2257 communis
1023 2200 1190 2259 societatem
1209 2201 1299 2258 intro·

285 2285 447 2355 duxissent,
469 2305 497 2344 v.
520 2284 635 2342 Oicer.
658 2285 704 2342 De
726 2284 808 2341 Offio.
823 2285 881 2354 IH,
904 2288 931 2355 3,
957 2288 1003 2341 14.
1025 2285 1114 2358 Legg.
1128 2286 1153 2355 I,
1179 2290 1224 2355 12,
1249 2289 1297 2342 33.

286 2373 317 2426 et
339 2373 387 2438 21,
412 2374 460 2426 56.
490 2369 595 2445 Itaque
609 2367 698 2426 etiam
713 2387 770 2438 eos,
791 2368 842 2444 qui
861 2368 1036 2443 reipublicae
1050 2370 1152 2427 darent
1172 2388 1297 2444 operam,

284 2452 389 2511 virtuti
418 2457 448 2511 et
469 2453 615 2511 honestati
642 2452 768 2509 maxime
789 2452 906 2509 studere
927 2453 975 2511 vol
999 2452 1032 2522 't,
1062 2452 1204 2529 siquidem
1225 2452 1298 2511 divi-

281 2536 342 2595 tiae
366 2543 396 2595 et
410 2556 486 2613 opes,
507 2537 638 2612 potentia
653 2543 682 2594 et
700 2536 864 2606 auctoritas,
885 2536 1069 2610 voluptatum
1083 2555 1116 2592 ac
1129 2536 1298 2593 deliciarum

282 2621 366 2697 copia
386 2625 418 2679 et
438 2621 592 2679 affluentia
616 2621 679 2678 sine
700 2621 752 2677 illa
772 2619 846 2677 nihil
868 2621 1051 2695 prodessent,
1080 2620 1225 2678 iniustitia
1244 2640 1296 2677 au·

281 2710 350 2777 tem,
372 2705 603 2781 intemperantia,
626 2705 733 2776 lubido,
755 2704 923 2779 improbitas
944 2703 1069 2781 denique
1090 2705 1218 2762 animum
1237 2725 1297 2762 cor·
1410 2759 1412 2762 ,

280 2797 431 2866 rumperet
465 2797 553 2867 atque
581 2791 714 2865 perderet
747 2789 870 2866 ideoque
903 2809 1048 2846 summum
1083 2791 1158 2866 quod
1185 2789 1297 2847 homini

281 2874 411 2932 accidere
439 2881 537 2949 posset
571 2875 679 2932 malum
713 2874 896 2949 importaret,
933 2894 961 2931 v.
990 2873 1098 2931 Criton.
1126 2895 1154 2950 p.
1184 2879 1233 2931 48.
1262 2876 1295 2932 B.

281 2959 406 3035 Apolog.
427 2978 455 3034 p.
479 2964 527 3016 80.
550 2959 635 3032 Gorg.
662 2979 690 3034 p.
715 2964 775 3015 469
797 2978 877 3035 seqq.
899 2958 943 3016 De
964 2959 1036 3033 Rep.
1057 2959 1097 3015 X.
1119 2980 1146 3035 p.
1171 2963 1241 3016 612.
1260 2959 1294 3016 B.

279 3045 386 3121 Itaque
408 3048 633 3102 consentaneum
664 3048 710 3100 est
730 3062 797 3100 eum
825 3042 914 3100 etiam
933 3042 1097 3101 rhetoricen
1125 3063 1296 3120 omnemque

281 3133 374 3186 artem
397 3127 513 3186 civilem
533 3127 576 3187 ita
596 3129 712 3185 demum
733 3127 907 3185 laudabilem
928 3127 1115 3198 iudicavisse,
1145 3127 1169 3185 si
1190 3128 1295 3202 spretis

279 3212 314 3270 iis
336 3214 440 3283 rebus,
471 3231 543 3289 quas
571 3212 741 3289 plerumque
769 3216 803 3269 ut
832 3210 973 3268 maximas
1003 3212 1166 3283 affectaret,
1194 3231 1294 3270 veram
1346 3220 1349 3225 '

279 3297 432 3354 hominum
452 3297 610 3355 utilitatem
632 3301 745 3354 curaret
765 3315 854 3372 seque
874 3300 966 3353 totam
987 3297 1023 3352 ad
1044 3295 1173 3354 iustitiae
1188 3296 1294 3353 omnis-

280 3401 336 3458 que
358 3400 447 3440 verae
467 3381 586 3440 virtutis
606 3382 700 3454 legem
721 3385 808 3458 atque
829 3399 959 3437 normam
980 3385 1170 3454 componeret.
1212 3381 1294 3436 Haec

280 3465 377 3524 omnia
398 3485 468 3524 vero
490 3471 524 3524 ut
544 3465 587 3524 ita
607 3469 750 3524 statueret
764 3470 852 3542 atque
872 3464 1049 3539 impugnatis
1069 3462 1166 3540 pravis
1187 3483 1293 3540 aequa-

279 3549 351 3606 lium
373 3549 480 3608 studiis
501 3554 532 3608 et
551 3546 733 3624 opinionibus
748 3548 876 3623 graviter
889 3549 1064 3619 defenderet,
1085 3548 1185 3624 procul
1206 3548 1294 3605 dubio

278 3634 367 3692 etiam
387 3654 486 3692 rerum
508 3634 637 3694 civilium
659 3633 821 3691 conditione
842 3634 978 3691 effectum
1005 3638 1063 3703 est,
1093 3652 1180 3710 quam
1200 3633 1294 3707 philo-

279 3720 389 3795 sophus
409 3719 486 3778 vidit
505 3718 572 3776 inde
595 3739 613 3776 a
634 3718 716 3776 bellis
733 3718 856 3775 Persicis
868 3717 1008 3793 imprimis
1021 3718 1148 3776 Athenis
1162 3723 1294 3776 exortam

279 3823 350 3862 esse.
401 3805 447 3861 De
477 3823 539 3880 qua·
569 3803 687 3880 quidem
714 3803 783 3879 quid
816 3802 878 3876 ipsc
906 3801 1029 3860 senserit
1056 3809 1086 3861 et
1113 3802 1293 3871 iudicaverit,

278 3888 328 3946 ubi
356 3887 456 3964 paullo
486 3888 646 3946 accuratius
676 3886 908 3959 cognoverimus,
938 3891 1014 3944 certe
1042 3884 1114 3944 item
1141 3907 1201 3943 non
1228 3886 1292 3943 leve

278 3972 403 4046 Gorgiae
431 3972 539 4030 rectius
565 3971 747 4045 intelligendi
775 3971 973 4030 adiumentum
1002 3975 1089 4046 atque
1117 3971 1292 4045 praesidium
1343 4010 1348 4021 .

277 4057 359 4115 nobis
383 4057 653 4133 comparaverimus.
695 4056 799 4132 Itaque
821 4055 920 4130 paucis
947 4054 1144 4128 designavisse
1170 4054 1292 4124 iuvabit,

279 4161 423 4218 quaenam
451 4141 541 4200 fucrit
567 4141 697 4200 Platonis
726 4142 761 4198 de
791 4141 846 4197 hac
874 4160 905 4198 re
934 4139 1093 4209 sententia,
1122 4139 1184 4196 sine
1205 4138 1292 4196 dubio

279 4225 335 4282 iam
356 4226 426 4284 inde
448 4228 484 4284 ab
506 4225 556 4282 illo
577 4231 705 4301 tempore
727 4225 822 4282 animo
844 4227 880 4282 ab
902 4244 935 4282 eo
957 4228 1098 4297 suscepta,
1120 4242 1176 4300 quo
1192 4224 1292 4280 Socra-

280 4315 343 4382 tem,
366 4311 465 4370 virum
487 4309 740 4386 sapientissimum,
761 4309 869 4367 iniuste
890 4310 1059 4380 damnatum
1080 4311 1110 4365 et
1127 4307 1292 4367 tristissimo

283 4395 423 4472 supplicio
443 4398 478 4455 de
501 4396 595 4454 medio
616 4396 763 4454 sublatum
781 4393 865 4453 vidit.
