3242 5259
201 1380 205 1391 Ι
235 1347 265 1375 f

188 1392 226 1443 τ

314 631 374 683 236
723 626 920 685 PLATONIS

314 790 414 874 σκίνῳ
435 788 583 851 ἀπείκασε
615 786 674 870 τὴν
695 789 938 870 τώνςάνοήτων
967 788 1011 862 ὡς
1030 785 1247 871 τετρημένην,
1275 788 1322 850 dte

314 889 354 949 06
393 884 577 970 δυναμένην
610 887 731 967 στέγειν
772 877 807 948 δι’
854 886 1004 950 ἀπιστίαν
1044 908 1077 949 τε
1118 885 1174 950 καὶ
1214 886 1323 1006 λήθην.

312 975 399 1048 ταῦτ’
430 982 572 1059 ἐπιεικῶς
609 982 668 1066 μέν
699 982 783 1049 ἐστιν
811 985 876 1048 ὑπό
904 1008 931 1048 τι
969 988 1093 1060 ἀτοπα,
1132 985 1231 1104 δηλοῖ
1267 1007 1325 1094 μην

314 1081 332 1147 6
355 1081 416 1164 ἐγὼ
438 1084 596 1164 βούλομαί
617 1097 668 1145 σοι
690 1079 969 1165 ένδειξάμενος,’
957 1083 1014 1145 εάν
1044 1103 1113 1155 πως
1133 1075 1204 1156 οἷός
1232 1103 1265 1145 τε
1293 1083 1325 1156 ὡ,

313 1187 420 1245 πεῖσαι
446 1179 643 1262 μεταθέσθαι
679 1181 749 1244 ἀντὶ
778 1191 837 1244 τοῦ
866 1181 1032 1262 ἀπλήστως
1059 1178 1113 1242 καὶ
1145 1181 1326 1254 ἀκολάστως

314 1278 442 1362 ἔχοντος
469 1280 544 1360 βίον
572 1281 630 1342 τὸν
649 1279 788 1360 κοσμίως
817 1277 870 1342 καί
899 1283 967 1351 τοῖς
995 1275 1044 1340 ἀεὶ
1072 1289 1237 1359 παροῦσιν
1266 1278 1326 1340 ίκα-

314 1383 379 1452 νὼς
411 1377 465 1442 καὶ
494 1375 711 1459 ἐξαρκούντως
739 1375 850 1458 έχοντα
880 1376 953 1456 βίον
982 1374 1119 1439 ἑλέσθαι.
1162 1374 1245 1437 ἀλλὰ
1274 1376 1325 1438 πό-

314 1498 408 1555 τερον
436 1476 538 1537 πείθω
574 1475 605 1537 τί
636 1488 669 1536 σε
697 1473 751 1538 καὶ
788 1475 991 1564 μετατίθεσαι
1027 1471 1327 1555 εὐδαιμονεστέρους

251 1561 283 1625 D
314 1568 397 1638 εἶναι
423 1573 500 1646 τοὺς
529 1573 682 1654 κοσμίους
709 1576 775 1634 τῶν
804 1572 1009 1648 ἀκολάστων,
1039 1563 1153 1652 ἢούὅ’
1183 1569 1226 1633 ἀν
1253 1575 1327 1634 ἀλλα

365 1793 395 1842 Ο.
429 1788 590 1841 ἀπείκασε
615 1788 671 1856 τὴν
696 1791 727 1854 ι.]
762 1787 900 1840 Behkerus
922 1807 955 1840 ex
979 1805 1031 1839 nno
1054 1792 1113 1840 Par.
1137 1790 1181 1840 W.
1204 1787 1326 1855 ἀπῄκασε,

315 1860 385 1924 quod
408 1861 529 1910 convenit
554 1875 613 1908 cum
636 1858 780 1924 praeceptis
808 1866 926 1907 veterum
951 1859 1195 1923 grammaticorum
1225 1874 1249 1907 v.
1271 1859 1328 1908 Val-

316 1929 389 1978 ekcn
417 1928 450 1978 ad
477 1928 612 1977 Phoeniss.
640 1943 663 1975 v.
687 1926 745 1977 165.
781 1925 833 1975 Sed
862 1927 969 1976 meliora
998 1926 1085 1975 docuit
1108 1927 1263 1979 Buttmann.
1286 1927 1326 1976 Gr.

315 1996 392 2061 ampl.
410 1997 432 2049 I.
448 2011 473 2059 p.
490 1993 549 2046 328.
583 1995 717 2044 Matthiae
736 1993 769 2043 ad
785 1993 874 2058 Eurip.
893 1995 990 2045 Phocn.
1009 2010 1033 2042 v.
1053 1992 1110 2044 162.
1136 1995 1226 2044 Etiam
1244 1995 1327 2060 Symp-

315 2081 340 2130 p.
357 2064 415 2119 216.
434 2063 462 2112 C.
479 2063 541 2112 libri
558 2079 647 2112 onmes
664 2063 764 2112 εἴκασα.

366 2129 402 2183 δι’
421 2127 581 2182 ἀπιστίιαι
600 2130 699 2179 τεκαὶ
719 2127 832 2194 λήθην]
852 2126 1327 2194 ὃοὴλοιονωεολιοααεοοαιδι’ἀπλη-

317 2205 398 2259 σιίαν,
416 2201 593 2250 consentiente
610 2198 731 2248 Dobraeo
749 2197 886 2246 Adversar.
904 2198 934 2245 T.
953 2197 974 2249 Ι
991 2213 1016 2261 p.
1035 2195 1092 2247 153.
1128 2197 1188 2249 Sed.
1208 2214 1233 2247 v.
1250 2215 1308 2248 ann.

366 2266 532 2332 stod‘lopar
560 2282 609 2315 σοι
638 2264 727 2315 ἑνδει
736 2262 892 2330 ξοίμενοι]
928 2265 971 2313 Sic
992 2280 1038 2330 pro
1062 2265 1134 2329 vulg.
1160 2263 1328 2329 ἐνδείξασθαι

316 2336 387 2386 codd.
406 2338 459 2386 fere
483 2352 572 2385 omnes
593 2349 653 2383 cum
671 2332 759 2385 Clark.
782 2339 809 2382 ct
826 2333 883 2381 Vat.
918 2333 986 2382 Dein
1010 2339 1069 2396 post
1091 2332 1258 2393 μεταθέσθαι
1274 2336 1327 2386 Par.

315 2405 347 2453 V.
366 2404 437 2454 addit
453 2407 504 2461 καί,
522 2402 591 2469 quod
608 2402 707 2465 recepit
723 2400 834 2454 Behker.
879 2400 930 2449 Sed
953 2416 983 2449 eo
1001 2417 1052 2449 nou
1071 2417 1137 2466 opus
1155 2417 1214 2452 esse
1233 2401 1329 2452 docebit

316 2472 435 2540 subtilior
451 2472 504 2521 loci
521 2471 707 2534 interpretatio.

317 2663 524 2716 ἀναπείθεσθαι.
541 2665 799 2715 Germanicedixeris

316 2734 357 2782 die
387 2733 583 2814 Πιμοιιίὶοίιλσίί
604 2733 660 2796 (der
684 2732 797 2812 Furem).

317 2798 403 2849 Ad·
386 2818 430 2849 ατε
454 2797 487 2849 οὐ
519 2799 669 2865 διναμέιηι·
700 2800 800 2884 οτέγειι

318 2885 350 2916 nc
369 2869 427 2931 quis
444 2867 589 2917 addendum
615 2875 688 2930 putet
710 2858 797 2924 οάδέι,

319 2937 386 2985 conf.
408 2951 433 3013 p.
455 2933 513 2984 485.
536 2937 573 2984 E:
599 2934 745 2998 ἑλεάθερον
770 2934 799 2985 δὲ

319 3003 362 3052 καὶ
390 3001 453 3067 μέγα
483 3001 563 3052 καί
553 3001 647 3051 ικανὸν
672 3001 799 3066 μηδέποτε

320 3069 506 3135 φθέγξασθαι,
529 3069 575 3119 nbi
598 3071 659 3119 item
676 3087 710 3119 cx
727 3086 798 3134 prae-

319 3137 422 3188 cedenti
443 3137 571 3202 μηδέποτε
597 3138 729 3202 intelligas
752 3154 799 3202 μη-

319 3205 373 3256 δὲν.
408 3206 521 3255 Verbum
551 3204 649 3272 στέγειν
679 3207 799 3270 frequens

319 3284 358 3324 est
380 3272 500 3323 derasis
522 3290 616 3338 aquam
640 3280 743 3339 propter
766 3275 799 3322 ri·

318 3359 374 3392 mas
390 3342 433 3391 vel
450 3343 578 3392 foramina
595 3358 647 3391 non
666 3343 800 3391 coutinen-

317 3410 402 3470 tibus,
419 3418 449 3459 ut
465 3412 505 3459 De
523 3410 631 3474 Republ.
648 3410 681 3458 X.
698 3425 723 3472 p.
741 3406 799 3458 621.

443 3477 549 3544 [ι58.6
571 3479 601 3526 Β.
648 3478 688 3527 De
713 3476 799 3526 animo

318 3479 411 3612 plutio
413 3496 799 3610 u6h.l.dicirur1.egg.1v

318 3612 468 3680 p.‘114.h

353 3682 383 3732 C.
429 3677 510 3731 ταῦτ’
545 3679 698 3732 ἐπιεικῶς
738 3680 800 3740 μέν

319 3750 412 3800 ἐστιν
442 3745 500 3798 ὑπό
528 3767 552 3797 τι
581 3745 700 3827 ἄτοπα]
737 3749 799 3798 Ger-

318 3819 420 3868 manice
448 3817 534 3867 dicas:
571 3816 659 3864 Βίωνα
686 3817 719 3865 iat
744 3835 800 3866 ιιιιιι

311 3885 418 3952 milich
450 3885 665 3968 εἰιάρεηαοοσεειι
697 3885 799 3933 tonder-

317 3954 373 4003 6ar.
408 3954 516 4002 Nam
501 3948 551 4002 r‘uo'
577 3969 596 4000 rr
619 3960 662 4005 est
676 3952 800 4015 aliqua-

318 4033 429 4083 tenus,
455 4019 704 4086 propemodum,
728 4036 799 4082 qno-

318 4089 498 4148 dammodo,
522 4098 551 4138 ut
568 4086 716 4152 Phaedr
718 4086 799 4138 ,242

319 4158 350 4205 Ι).
370 4158 513 4222 Xenoph.
532 4103 741 4221 Cyrop.1v,p,1
760 4154 800 4206 13.

319 4223 359 4273 ed
377 4225 497 4275 Schneid.
516 4224 686 4290 hristoph.
705 4193 799 4301 Τίτε-μμ.

320 4306 346 4339 v.
370 4289 443 4344 1290.
466 4302 492 4342 et
514 4293 676 4357 saepius—
701 4291 799 4342 ἑπιει·

322 4363 486 4410 uersantem
504 4378 537 4410 ne
554 4361 723 4424 explicuerim
741 4377 800 4409 rum

321 4425 538 4478 Heindorfio:
569 4429 668 4490 satis,
698 4428 800 4478 admo·

851 2664 937 2725 dum,
954 2662 1082 2721 κίεινίίοίυ
1100 2662 1180 2713 habet
1197 2664 1266 2713 illud
1282 2667 1329 2714 vim

851 2731 998 2782 affirmandi
1014 2739 1092 2795 atque
1110 2732 1284 2793 concedendi,
1304 2741 1331 2782 ut

851 2801 908 2851 Lat.
932 2799 1061 2862 utique,
1091 2816 1171 2849 sane
1196 2800 1329 2864 quidem,

851 2876 877 2917 et
901 2868 986 2918 Germ.
1005 2865 1120 2931 freiliclt.
1161 2868 1267 2917 Etenim
1288 2869 1331 2918 ilh

851 2935 1039 3001 significatione
1056 2933 1103 2983 ubi
1119 2937 1267 2999 acceperis,
1288 2938 1330 2985 rui·

851 3020 907 3052 rum
930 3002 1049 3051 videatur
1071 3018 1180 3052 necesse
1204 3015 1244 3053 est
1267 3005 1329 3053 istud

853 3068 905 3122 ἀπό
922 3089 942 3120 ιι
960 3078 1019 3134 post
1036 3069 1134 3122 {naves
1146 3071 1258 3124 illatum.
1276 3073 1331 3121 nrt

851 3148 936 3188 autem
967 3154 1049 3202 nuper
1078 3139 1122 3201 qui
1147 3136 1268 3191 ἐπιεικῶς
1294 3139 1330 3189 dc·

851 3207 931 3256 letum
962 3207 1019 3266 iret,
1045 3205 1147 3254 scilicet
1169 3206 1268 3271 ubique
1289 3207 1331 3256 ille

851 3274 972 3325 odoratus
1005 3275 1032 3322 in
1067 3271 1166 3322 talibus
1201 3276 1331 3324 temerarit

850 3343 1016 3407 glossemata.
1072 3340 1262 3391 Badhamus
1305 3343 1328 3390 in

851 3409 1042 3460 Schneidewin.
1059 3408 1191 3487 Philolog.
1202 3411 1235 3459 X.
1244 3426 1268 3474 p
1279 3408 1331 3461 730.

851 3479 915 3544 legit
945 3469 1110 3535 ἀπεικασμέά
1140 3492 1188 3541 pro
1221 3477 1331 3528 ἐπιεικῶς

852 3545 908 3606 μέν.
950 3539 1034 3594 Pro‘
1019 3539 1072 3595 οπο
1090 3545 1211 3593 uetiam
1234 3546 1331 3610 plenius

852 3609 981 3663 dicitur‘
966 3609 1018 3662 οπό
1041 3629 1062 3660 ιι
1081 3609 1208 3674 σμικρόν,
1233 3613 1266 3662 dc
1286 3630 1331 3678 quc

851 3698 876 3730 v.
895 3679 1080 3731 casaubon.
1103 3679 1136 3728 ad
1160 3679 1281 3730 Strabon.
1303 3682 1332 3730 ll.

851 3747 952 3813 ρ209.
968 3749 1144 3798 Dobraeus
1161 3749 1332 3815 adhristoph.

850 3766 947 3881 iespp
965 3831 990 3880 p
1007 3813 1066 3866 586.
1083 3814 1123 3867 cd.
1141 3817 1214 3880 Lips.

892 3882 907 3933 6
931 3881 992 3964 ἐγὼ
1020 3879 1189 3947 βούλομαί
1217 3899 1268 3936 σοι
1290 3885 1333 3939 ἑν·

853 3956 904 4004 ἀει
912 3948 1070 4033 ξάμενος]
1105 3951 1223 4015 Vulgata
1247 3953 1332 4004 lectio:

858 4016 1023 4099 -βοάλομαί
1033 4035 1073 4067 σοι
1087 4015 1270 4081 ἐνδείξασθαι,
1289 4019 1333 4070 ἐάν

854 4107 909 4140 ,τως
926 4083 985 4137 οἰός
1001 4076 1061 4135 reci
1076 4093 1163 4136 actoru
1171 4090 1278 4148 μεταθ
1291 4090 1334 4138 hoc

853 4154 935 4239 habet
959 4154 1132 4237 incommodi,
1138 4157 1233 4236 quod
1260 4156 1335 4206 verba

852 4224 900 4275 ἑάι
920 4241 974 4274 πω..-
998 4217 1056 4273 ot'o's¹
1078 4238 1104 4271 τε
1126 4213 1148 4271 ui
1174 4230 1265 4274 πεῖσαι
1288 4241 1334 4274 uon

853 4303 913 4358 apte
930 4290 1071 4340 cohaerent
1087 4304 1145 4338 cum
1164 4290 1219 4340 his.
1244 4290 1335 4357 βοί-λο

852 4379 897 4421 aar
917 4375 958 4408 σοι
976 4356 1157 4420 εἰδειξασθαι.
1200 4360 1335 4411 Verissime

852 4407 917 4478 libri
939 4442 1000 4474 mss.
1022 4439 1117 4491 magno
1142 4441 1273 4478 consensu
1296 4426 1335 4478 ίν·
