3242 5259
561 596 743 658 GORGIAS.
765 599 798 658 P.
823 603 895 658 456.
916 602 961 660 ed.
985 599 1028 660 St.
1242 607 1299 663 113

278 759 344 843 νίῃ.
366 759 421 824 καὶ
442 760 504 843 ῃδιρ
525 771 564 843 τῇ
585 763 664 844 ἄλλῃ
685 761 811 845 α’ῃωνίᾳ
841 762 881 826 ού
902 763 1020 827 τούτου
1040 760 1134 828 ἕνεκα
1155 765 1205 830 δεῖ
1222 765 1303 848 πρὸς
1324 771 1357 836 Ι)

277 857 426 933 ἅπαντας
446 865 587 942 χρῆσθαι
615 860 831 942 ἀνθρώπους,
862 859 911 924 ὅτι
941 857 1042 943 ἔμαθε
1075 864 1246 929 πυκτεύειν
1267 888 1300 929 τε

277 955 333 1020 καὶ
353 958 601 1038 παγκρατιάζειν
616 956 670 1022 καῖ
686 957 721 1021 ἐν
738 953 848 1034 ὅπλοις
862 960 1034 1040 μάχεσθαι,
1054 956 1130 1036 ὥςτε
1148 964 1300 1045 κρείττων

276 1048 438 1118 εἶναικαὶ
458 1055 563 1136 φίλων
583 1054 636 1119 καὶ
658 1053 799 1139 ἐχθροῖν·
831 1057 871 1122 ού
890 1059 1009 1122 τούτου
1030 1055 1124 1123 ἕνεκα
1144 1060 1220 1136 τοὺς
1247 1062 1299 1142 ‹pl-

277 1157 357 1226 λους
377 1152 428 1216 δεῖ
446 1154 585 1232 τύπτειν,
607 1151 682 1217 οὐδὲ
702 1159 826 1217 κεντεῖν
840 1176 873 1218 τε
889 1155 944 1219 καὶ
958 1155 1199 1222 ἀποκτιννύναι.
1223 1158 1298 1223 οὐδὲ

277 1272 314 1333 γε
333 1251 379 1332 μδι
402 1251 467 1314 Δία
489 1248 546 1314 toto
573 1273 621 1326 τις
651 1252 695 1326 εἰς
723 1254 922 1334 παλαίστραν
951 1256 1125 1337 φοιτήσας,
1155 1251 1190 1319 εύ
1218 1254 1298 1339 ἔχων

277 1349 315 1412 τὸ
338 1353 431 1431 σῶμα
450 1347 505 1412 καῖ
524 1350 678 1424 πνκτικδς
697 1351 880 1433 γενόμενος,
903 1347 1009 1415 ἔπειτα
1029 1351 1086 1415 τδν
1106 1350 1227 1435 πατέρα
1245 1357 1298 1417 τύ-

277 1468 341 1529 πτῃ
370 1446 424 1510 καὶ
445 1444 506 1529 τὴν
526 1443 646 1529 μητέρα
677 1441 699 1528 ἢ
730 1452 829 1513 ἄλλον
857 1447 1016 1513 τινὰτῶν
1045 1449 1172 1516 οἰκείων
1192 1447 1214 1533 ἢ
1233 1457 1299 1516 τοῖν

278 1545 403 1625 φίλων,
434 1545 475 1608 οὐ
495 1545 614 1609 τούτου
641 1545 734 1609 ἕνεκα
755 1547 804 1610 δεῖ
822 1546 899 1620 τοὺς
919 1548 1128 1630 παιδοτρίβας
1148 1549 1201 1613 καὶ
1221 1549 1298 1625 τοὺς
1318 1549 1348 1613 Ε

279 1640 316 1704 ἐν
336 1647 405 1717 τοῖς
426 1640 537 1718 ὅπλοις
555 1643 767 1720 διδάσκοντας
795 1645 951 1736 μάχεσθαι
982 1651 1087 1727 μισεῖν
1113 1647 1221 1711 τεκαὶ
1250 1646 1297 1712 ἐκ·

330 1823 438 1890 ὥσπερ
458 1830 492 1891 τῇ
512 1821 589 1891 ἄλλῃ
608 1824 648 1892 π]
668 1827 710 1877 καλ
728 1833 787 1892 post
804 1825 890 1891 ὥςπερ
909 1828 1028 1879 inserunt
1038 1831 1097 1881 Par.
1111 1830 1199 1882 BOV.
1218 1830 1297 1882 Coisl.
1346 1876 1352 1881 .

276 1892 349 1944 Flor.
367 1909 391 1943 a.
409 1892 435 1944 b.
453 1909 474 1943 o.
492 1893 516 1944 d.
534 1910 568 1944 m.
586 1910 609 1944 ο.
627 1911 653 1943 x.
688 1896 719 1945 V.
737 1895 770 1944 ad
787 1912 846 1962 pag.
863 1894 920 1947 457.
940 1897 968 1946 Β.

329 1963 363 2012 D.
383 1959 432 2011 ὅτι
450 1961 554 2021 ἔμαθε
573 1961 765 2030 πυκτεύειν]
784 1964 816 2016 V.
835 1961 872 2013 ὅτι
890 1963 973 2024 ἔμαθέ
991 1981 1027 2017 τιε
1041 1965 1188 2016 πυκτεύειν.
1212 1966 1297 2017 Omisi

277 2047 314 2082 τις
337 2046 396 2079 eum
421 2028 787 2082 Olu·k.cois1.vind.1.6.
811 2032 878 2082 Ven.
896 2033 925 2082 Ξ.
949 2034 1007 2082 Par.
1021 2034 1137 2084 EFIW.
1164 2035 1296 2085 Flosis.

278 2104 305 2147 et
322 2097 396 2148 editt.
414 2096 474 2147 Ald.
490 2099 552 2148 Bes.
571 2097 597 2147 1.
612 2114 637 2147 v.
656 2115 716 2149 aun.

330 2163 367 2214 ἐν
392 2162 506 2217 ὅπλοιε
529 2162 709 2233 μάχεσθαι]
744 2166 788 2216 Sie
812 2167 878 2217 Ven.
898 2167 927 2216 Ξ.
958 2168 1032 2217 vind.
1057 2167 1079 2218 1.
1101 2167 1125 2219 2.
1143 2167 1168 2230 6.
1187 2166 1211 2219 7.
1237 2170 1297 2220 Par.

279 2233 379 2284 CFIV
387 2233 429 2284 W.
447 2249 541 2283 novem
558 2233 710 2301 Florentini‚
728 2234 801 2284 Bodl.
819 2235 926 2285 Meerm.
960 2235 1047 2302 Vulgo
1066 2234 1096 2285 ἐν
1114 2233 1209 2301 ὄχλοις,
1228 2237 1296 2302 quod

277 2302 331 2352 iam
350 2301 492 2353 Ceruarius
510 2301 698 2352 emendandum
716 2302 791 2353 vidit.

328 2371 360 2420 E.
380 2364 418 2419 ού
438 2367 552 2419 τούτου
571 2369 669 2420 ἕνεκα
688 2369 742 2421 δεῖ
758 2368 834 2422 τοδε
853 2369 888 2436 π]
907 2369 1051 2437 Vulgatum
1070 2368 1296 2434 oeratA.,Veu.

280 2438 341 2489 ΞΣ.
364 2437 443 2488 vind.
461 2435 484 2487 2.
507 2438 567 2489 Par.
584 2437 692 2488 Bolv.
714 2439 782 2504 Aug.
800 2439 906 2488 Meerm.
924 2439 998 2488 Bodl.
1010 2439 1078 2488 Flor.
1097 2441 1122 2488 b.
1140 2455 1161 2489 o.
1179 2440 1204 2489 δ.
1220 2457 1254 2489 m.
1273 2457 1296 2490 o.

278 2511 304 2555 et
314 2505 376 2556 edit.
386 2507 446 2556 Bas.
458 2503 482 2556 2.
497 2510 598 2555 mutent
613 2506 641 2555 iu
659 2503 729 2556 ούδέ.
756 2505 807 2557 Seri
824 2512 894 2557 reete
912 2505 1000 2556 Clark.
1017 2507 1114 2571 aliique
1131 2513 1238 2557 servant
1254 2503 1295 2566 ού,

276 2573 443 2641 repudiatum
460 2589 543 2638 nuper
559 2574 663 2624 iniuria.

279 2745 304 2804 ξ.
316 2740 340 2793 7.
351 2748 377 2793 et
390 2758 411 2793 ο.
424 2740 464 2793 10.
483 2742 506 2803 5.
522 2740 547 2793 6.
569 2741 610 2791 Ad
622 2748 763 2805 παρασχεῖν
814 2741 896 2791 tentia
919 2742 982 2791 haec
1005 2747 1057 2791 est:
1088 2742 1125 2792 de
1149 2758 1210 2806 quo
1234 2760 1297 2794 non

277 2810 361 2861 intell.
380 2806 488 2866 ἑαυτόν,
512 2809 544 2859 de
566 2825 617 2875 quo
639 2809 763 2874 loquendi
813 2809 923 2875 possit
940 2809 1106 2859 disertius
1124 2809 1247 2862 dicere.

277 2893 372 2946 genere
390 2893 416 2928 v.
434 2876 467 2928 ud
484 2874 577 2942 pato.
594 2879 627 2927 Ι).
847 2879 881 2927 D.
907 2874 953 2926 ὅτι
977 2879 1083 2937 ἔμαθε
1108 2876 1296 2945 πυκτεύειν]

313 2942 761 3011 ὁπότερονδεῖαίρεύῆναι]
813 2945 872 2994 Nou
898 2961 963 3008 opus
986 2951 1025 2995 est
1048 2962 1096 3003 τιε,
1127 2947 1195 3010 quod
1218 2946 1297 3011 vulgo

278 3016 357 3064 Recte
375 3013 530 3063 Fioinus:
552 3014 689 3063 utersit
705 3029 761 3078 pro
813 3012 928 3062 additum
957 3013 1098 3078 legebatur.
1134 3014 1205 3064 Solet
1228 3015 1299 3063 enim

278 3082 403 3132 medico
422 3080 606 3146 eligendus.
623 3082 763 3131 asseverat
813 3082 889 3131 tertia
905 3097 1015 3144 persona
1030 3083 1168 3131 verborum
1184 3088 1243 3146 post
1259 3083 1298 3131 in-

279 3152 349 3200 enim
364 3148 481 3215 sophista
492 3154 618 3199 oratorem
636 3147 762 3199 derebus
812 3148 942 3197 finitivum
963 3149 1069 3199 aliunde
1091 3148 1245 3213 pendentem
1262 3151 1299 3199 ite

279 3217 312 3268 ad
330 3223 412 3268 artem
432 3216 558 3267 medicam
574 3215 763 3282 pertinentibus
812 3216 947 3280 usurpari,
972 3222 1001 3265 ut
1022 3232 1164 3281 pronomen
1182 3217 1299 3266 indefini-

277 3287 335 3353 ipeo
344 3285 447 3350 medico
455 3283 616 3349 probabilius
621 3300 678 3335 esse
684 3283 764 3334 verba
813 3289 876 3345 tum,
893 3285 987 3348 quippe
999 3285 1072 3333 euius
1082 3285 1152 3334 notio
1164 3286 1215 3334 iam
1226 3300 1298 3349 prae-

277 3356 419 3416 faeturum,
438 3357 469 3401 ut
485 3353 540 3417 ipse
557 3353 633 3402 eitius
650 3352 764 3415 medicus
815 3350 967 3401 cedentibus
976 3353 1146 3412 contineatur,
1158 3354 1297 3402 omittatur.

278 3418 402 3488 publicus
420 3420 538 3486 eligatur,
555 3437 633 3484 quam
652 3421 697 3485 qui
713 3435 765 3469 me·
816 3420 858 3469 Sic
873 3420 942 3468 iufra
951 3435 975 3482 p.
984 3416 1042 3469 464.
1055 3418 1087 3467 Α.
1111 3418 1207 3469 Criton.
1221 3436 1246 3483 p.
1256 3417 1298 3469 49.

278 3489 364 3540 dieam
376 3495 459 3539 artem
475 3488 606 3553 professus
624 3489 664 3538 sit.
691 3488 765 3550 Quae
816 3486 852 3537 0:
871 3483 931 3536 οὕτε
948 3482 1163 3548 ἄραοίνταδικεῖν
1181 3484 1224 3536 δεῖ
1239 3481 1298 3535 οὔτε

277 3573 341 3608 sane
365 3555 503 3622 splendida
525 3557 634 3606 oratoris
655 3556 765 3607 victoria
817 3560 900 3606 κακοῖς
919 3561 1003 3603 ποιεῖν
1020 3550 1118 3603 οὐδένα
1132 3550 1296 3616 ἀνθρώπων,

279 3631 328 3676 est.
357 3624 506 3675 Dietionem
533 3619 680 3684 ούδαμοῦ
710 3640 763 3686 φα·
816 3619 872 3672 οὐδ’
891 3618 924 3671 ἂν
940 3617 1030 3671 διιοῦν
1047 3618 1129 3685 πάσχῃ
1148 3616 1298 3671 ύπάύιοῖν.
1335 3680 1338 3687 ,

279 3698 390 3759 νῆναι,
428 3690 525 3741 ιιιιΙΙο
554 3691 628 3741 loco
657 3707 764 3741 nume·
816 3691 886 3739 Meu.
902 3687 1026 3755 pnes:
1046 3686 1146 3739 ούκοιῖν
1161 3689 1299 3753 συμβαίνει

277 3761 361 3821 rari,
391 3764 451 3825 post
479 3759 544 3810 alios
576 3759 765 3809 illustravimus
817 3755 845 3819 ἐξ
869 3747 907 3806 ὧν
926 3754 958 3806 οὐ
977 3752 1110 3823 ὁμολογεῖς
1129 3754 1156 3807 ιδ
1173 3753 1235 3818 μετὰ
1252 3773 1298 3817 ρο·

278 3827 314 3877 ad
331 3827 464 3878 Phaedon.
481 3842 506 3891 p.
517 3825 557 3877 72.
572 3826 601 3876 C.
612 3842 669 3892 cap.
681 3827 764 3876 XVII.
818 3828 877 3888 ρίου
902 3820 996 3889 ἀρετῆς
1021 3821 1154 3887 πράττειν,
1184 3822 1199 3874 ὅ
1224 3842 1244 3873 τι
1267 3821 1300 3872 ἂν

279 3895 368 3945 Verba
391 3894 418 3945 εί
434 3891 555 3958 βούλοιτο
573 3894 705 3960 eleganter
722 3893 765 3943 ad-
816 3889 922 3956 πράττῃ,
940 3897 1015 3942 τοῦτο
1028 3886 1209 3956 α’ρετὴνεῖναι.
1233 3890 1300 3941 Ibid.

279 3963 384 4026 duntur,
396 3977 448 4028 quo
457 3963 563 4027 gravius
571 3967 674 4013 notetur
682 3963 764 4012 fastus
816 3977 841 4024 p.
852 3958 892 4010 97.
904 3961 935 4008 Δ.
958 3961 998 4010 Do
1016 3961 1078 4024 Rep.
1096 3961 1141 4010 IX.
1159 3976 1183 4024 p.
1195 3957 1254 4010 591.
1267 3959 1299 4008 A.

279 4037 305 4081 et
321 4030 472 4098 arrogantia
489 4030 608 4097 Gorgiae.
817 4027 857 4077 cf.
872 4029 997 4078 Buttm.
1022 4029 1045 4088 ἓ.
1064 4026 1120 4079 116.
1145 4026 1207 4077 Obs.
1225 4025 1249 4076 6.
1266 4055 1300 4064 -

818 4093 853 4144 ὲν
870 4092 986 4147 ὅπλοιε
1004 4091 1165 4157 μάχεσθαι
1180 4094 1300 4143 dicuutur

315 4165 344 4216 G.
372 4163 408 4214 ἐν
431 4161 564 4230 πλήθει]
589 4179 694 4215 eoram
716 4177 765 4228 po·
817 4163 863 4226 qui
879 4163 973 4227 gravi
990 4167 1155 4212 armatura
1173 4167 1299 4212 certare

280 4232 353 4297 puli
375 4230 481 4283 turba.
516 4233 587 4282 Infra
609 4229 765 4296 pluet:
818 4231 965 4279 diseunt:
990 4244 1049 4278 nam
1074 4229 1153 4294 vulgo
1177 4230 1300 4279 iuventus

281 4301 311 4350 ἕν
327 4317 357 4367 γε
372 4297 448 4366 ὄχλῳ.
483 4301 514 4348 Ιιι
537 4298 712 4364 superioribus
732 4312 766 4347 ne
817 4313 870 4347 nou
901 4297 970 4346 veris
999 4297 1077 4346 armis
1104 4312 1132 4346 se
1156 4295 1300 4360 exercebat,

282 4368 339 4434 quis
352 4368 414 4433 εἴπῃ
426 4365 592 4418 scribendum
609 4372 691 4433 putet,
709 4381 766 4417 sen·
818 4364 863 4415 sed
879 4363 986 4414 rudibus
1003 4369 1049 4414 aut
1064 4364 1125 4430 pilis
1142 4365 1301 4430 praepilatis,

330 4470 387 4510 Plat.
401 4469 457 4520 opp.
470 4469 519 4512 Vol
532 4469 561 4509 11.
576 4467 632 4509 Soet.
644 4469 663 4508 1.
1081 4464 1099 4515 8
