3242 5259
507 588 690 650 GORGIAS.
711 590 839 648 P.<513.
862 593 932 648 514.
954 590 999 650 ed.
1023 590 1066 650 st.

1235 594 1293 649 301

278 745 402 827 αὐτοὺς
430 751 484 816 καὶ
512 748 671 828 ἐξετάσαι,
708 754 838 831 πρῶτον
867 751 926 833 μὲν
955 752 983 815 εἰ
1018 750 1215 833 ἐπιστάμεθα
1239 750 1349 835 τὴνΒ

277 849 395 933 τέχνην
414 849 435 932 ἢ
457 844 518 913 οὐκ
547 847 760 929 ἐπιστάμεθα,
786 849 847 931 τὴν
875 849 1100 933 ολκοδομικήν,
1128 848 1182 913 καὶ
1210 848 1297 929 παρὰ

277 955 339 1012 τοῦ
362 945 542 1030 ἐμάθομεν;
572 943 634 1011 ἔδει
654 950 712 1022 ἄν,
744 941 844 1027 rioth
875 950 978 1010 ΚΑΛ.
1010 949 1107 1011 Πάνυ
1127 969 1173 1028 με.
1215 950 1293 1013 Est.

282 1042 417 1110 Οὐκοῦν
449 1046 601 1126 δεύτερον
631 1039 674 1108 αὖ
702 1045 791 1121 τόδε,
828 1045 858 1108 εἴ
885 1068 916 1108 τι
944 1047 1073 1109 πώποτε
1098 1045 1298 1127 οἰκοδόμημα

278 1138 533 1230 ᾧκοδομήκαμεν
555 1143 620 1226 ἰδίᾳ
639 1136 662 1223 ἢ
681 1146 747 1206 τῶν
768 1143 873 1223 φίλων
888 1140 952 1205 τινὶ
971 1137 1162 1226 ἢῆμέτεοον
1177 1134 1296 1214 αὐτῶν,

278 1241 452 1304 καὶτοῦτο
483 1240 520 1303 τδ
550 1240 750 1322 οἰκοδόμημα
775 1240 877 1303 καλὸν
897 1234 919 1321 ἢ
940 1241 1072 1322 αἰσχρόν
1093 1240 1166 1304 ἐστι.
1196 1241 1250 1304 καὶ
1270 1241 1298 1304 εἰ

278 1339 340 1420 μὲν
362 1337 550 1419 εὑρίσκομεν
571 1338 789 1419 σκοπούμενοι
817 1337 1030 1413 διδασκάλους
1057 1361 1090 1402 τε
1109 1338 1202 1421 ἡμῶν
1222 1339 1297 1418 άνα-

279 1435 364 1509 eous
385 1435 438 1498 καὶ
459 1434 647 1516 ἐλλογίμους
666 1434 841 1515 γεγονότας
861 1433 916 1497 καὶ
937 1436 1176 1519 οἰκοδομήματα
1194 1435 1297 1498 πολλὰ
1320 1439 1347 1505 G

279 1533 339 1615 μὲν
359 1531 413 1596 καὶ
433 1533 515 1596 καλδι
535 1532 613 1615 μετὰ
634 1536 700 1595 τῶν
727 1533 928 1596 διδασκάλοιν
957 1531 1191 1620 ᾠκοδομημένα
1211 1533 1298 1615 ἡμῖν,

278 1630 382 1695 πολλὰ
402 1630 437 1694 δὲ
457 1631 511 1695 καὶ
532 1631 597 1715 ἰδίᾳ
616 1631 724 1714 ἡμῶν,
758 1628 865 1713 ἐπειδὴ
892 1634 958 1694 τῶν
980 1632 1181 1696 διδασκάλων
1201 1631 1297 1713 άιιηλ-

330 1842 361 1890 Β.
388 1841 441 1890 καλ
460 1839 492 1890 ιλ
517 1839 578 1902 μὲν
601 1836 825 1907 εὑρίσκομεν]
848 1841 968 1891 Fortasse
986 1841 1063 1892 scrib.
1081 1837 1251 1906 ηὑρίσκομεν.
1272 1856 1298 1890 v.

278 1908 348 1958 intra
366 1910 399 1958 D.
418 1914 483 1959 extr.

331 2042 360 2093 O.
381 2042 452 2092 δια
470 2039 578 2109 ημυν]
598 2038 687 2093 δια
671 2039 717 2106 vo
736 2048 811 2108 ημων
828 2043 966 2094 Bekkerus
984 2060 1017 2094 ex
1034 2059 1087 2094 uuo
1104 2045 1163 2094 Pur
1181 2045 1213 2095 V.
1250 2044 1297 2096 Ce-

279 2112 328 2162 teri
345 2112 407 2162 libri
426 2109 480 2161 ma
497 2117 543 2162 sut
562 2107 650 2177 ltlp‘
635 2115 716 2177 ημῶν.

279 2311 340 2388 gsto
360 2302 505 2370 πράξοντες
522 2303 591 2369 quod
603 2305 764 2355 restituimus

280 2371 441 2436 πράξαντος,
473 2373 563 2423 eodem
590 2373 665 2423 modo
694 2374 763 2423 iufra

280 2443 303 2502 §-
322 2443 362 2490 D.
381 2438 460 2491 κᾶνε
463 2438 699 2507 λέπιχιιρήσαιτις
717 2439 763 2523 δη-

281 2507 415 2569 μοσιεύειν
450 2510 648 2572 παρεκαλοῦμεν
688 2504 763 2574 ἀλλή-

281 2579 352 2635 λους,
369 2576 416 2626 ubi
433 2577 656 2627 Heindorfius
673 2577 763 2626 invitis

281 2644 356 2694 libris
391 2641 600 2710 δαιχιιρησοντιο
639 2645 763 2709 reposuit.

279 2713 437 2763 Ficinus:
463 2713 514 2773 ,Si
537 2727 614 2778 ergo
638 2728 696 2762 nos
720 2713 764 2760 iu-

281 2781 401 2843 vicem,
420 2797 435 2830 o
453 2780 636 2842 Callicles,
654 2780 764 2830 cohor·

280 2854 438 2910 tenemur,
475 2848 610 2913 publice
639 2847 764 2897 civilia

280 2921 539 2982 pertractantes,
550 2915 587 2966 ad
601 2931 764 2966 murorum

281 2985 335 3033 vel
359 2985 529 3034 navalium
551 2983 606 3034 vel
628 2983 764 3048 templo·

280 3069 350 3102 rum
390 3052 547 3117 ingentis
586 3050 764 3102 aedificis”

282 3129 332 3170 etc.
367 3120 447 3170 Vides
475 3135 524 3169 ncc
550 3119 621 3169 huuc
649 3121 765 3169 futurum

282 3189 392 3253 legisse,
427 3187 496 3251 quod
527 3187 616 3238 dubito
652 3204 686 3237 an
719 3203 765 3252 per

283 3257 363 3306 totius
393 3255 445 3305 loci
466 3256 591 3305 rationem
621 3260 690 3306 stare
711 3271 765 3304 nou

281 3325 373 3389 possit.
417 3323 546 3374 Nimirum
579 3324 690 3373 ooristus
724 3322 766 3373 de-

281 3398 355 3441 notat
376 3390 417 3452 id,
442 3390 511 3456 quod
531 3391 589 3455 quis
609 3392 661 3441 ium
680 3392 765 3442 fucere

282 3459 404 3508 instituit.
423 3459 456 3508 si
473 3474 540 3521 nos,
557 3460 650 3523 inquit,
667 3475 765 3524 quum

282 3527 322 3577 sd
339 3527 478 3591 negotis
499 3527 636 3591 publicu
659 3541 766 3577 occes-

282 3598 451 3657 sissemus,
468 3595 765 3645 invicemhorture·

282 3678 351 3712 mur
369 3661 407 3712 sd
426 3661 642 3726 suscipienda
663 3663 765 3713 urchi·

282 3737 436 3781 tecturae
454 3746 553 3795 opera
570 3737 619 3780 etc.

316 3800 348 3848 Β.
366 3795 764 3861 πρῶτονμὲνιλέπισιά-

282 3868 371 3927 petia
387 3864 430 3931 -]
449 3866 579 3916 Accurets
596 3868 661 3916 ratio
679 3866 766 3948 exige-

284 3934 329 3985 bst
357 3934 448 3998 utique
477 3929 690 3999 η’πιστάμεθα-
707 3929 766 3999 ἠπι-

284 3999 411 4062 σταμεθα.
451 4000 501 4050 Sed
525 4001 592 4051 nihil
614 4001 767 4051 mutandum

283 4087 340 4121 esse
359 4069 454 4118 docent
470 4071 603 4134 proximu:
630 4069 659 4118 ιλ
674 4087 695 4118 τι
713 4065 766 4118 κά-

284 4136 412 4188 ποιεολιι.
433 4132 584 4203 pinooopq'
590 4154 693 4197 καμεν
711 4134 767 4201 λδλᾳ

283 4233 325 4262 —-,
344 4205 388 4254 καὶ
412 4223 537 4255 τουτο-
554 4157 666 4289 αλσχμόν
689 4203 766 4253 ἐστι.

283 4274 351 4322 Num
380 4272 414 4322 sd
442 4269 549 4323 Ουκοῦν
579 4271 705 4335 δεύτερον
732 4262 767 4321 ου’

284 4339 344 4390 τάδε
367 4346 473 4405 apparet
496 4358 510 4390 e
534 4341 735 4424 superioribus'
727 4356 766 4389 ru·

283 4408 454 4474 telligendum
483 4424 540 4459 esse
566 4405 657 4459 λδει’
641 4426 675 4459 αν
700 4403 767 4473 ἡμᾶς

816 2304 981 2368 σκέψασθαι
1008 2311 1038 2355 ut
1060 2305 1104 2355 hic
1129 2320 1234 2370 prorsus
1257 2319 1297 2354 es·

814 2373 873 2424 dem
901 2374 936 2423 sit
963 2374 1100 2423 verborum
1129 2373 1296 2424 constructio.

815 2442 944 2503 Quocirca
966 2442 998 2491 ab
1027 2442 1144 2492 erutione
1171 2456 1298 2506 suspensa

814 2510 938 2559 transitur
965 2516 1069 2574 repente
1090 2509 1123 2559 sd
1153 2523 1296 2559 sermousm

814 2583 913 2627 rectum
936 2593 1020 2640 neque
1045 2578 1207 2628 extrinsecus
1235 2592 1297 2640 peu·

814 2645 932 2694 dentem:
962 2661 1040 2709 quum
1068 2645 1195 2695 rationem
1220 2643 1298 2694 Grue-

815 2728 860 2763 cos
877 2729 924 2777 pro
947 2728 977 2763 eo
1002 2729 1052 2777 quo
1074 2711 1210 2777 pollebant
1225 2713 1297 2777 inge·

815 2781 854 2830 nii
869 2781 959 2846 vigore
976 2786 1002 2830 et
1023 2781 1158 2831 alacritate
1179 2780 1299 2843 frequen·

816 2856 854 2899 ter
870 2864 1015 2932 usurpasse
1022 2848 1100 2899 hodie
1114 2849 1177 2899 satis
1189 2853 1297 2898 constet

850 2916 879 2967 C.
920 2913 1020 2966 πολλὰ
1061 2915 1097 2967 δὲ
1137 2916 1189 2967 καλ
1227 2914 1298 2980 λδίᾳ

816 2981 864 3050 ἡμ
882 2983 930 3068 -]
949 2984 1074 3035 Librivel
1092 2981 1179 3034 δια
1165 3001 1239 3050 ημυν
1255 2981 1299 3032 vel
1377 3033 1384 3044 ,

817 3048 904 3102 ἴδια*
889 3057 964 3118 ημων
980 3051 1112 3117 praebent.
1134 3055 1298 3103 Postremum

816 3126 902 3170 tuetur
919 3120 1152 3183 Heindorfius,
1175 3121 1236 3204 qui
1244 3119 1299 3170 ἴδια

816 3185 891 3272 ἡμῶν
913 3187 1011 3237 dictum
1038 3193 1112 3253 putat
1137 3192 1167 3236 ut
1188 3184 1298 3252 ἡμέτερα

817 3252 910 3305 αὐτων.
929 3256 964 3304 At
980 3256 1050 3305 enim
1062 3270 1124 3305 vero
1141 3270 1221 3319 quum
1233 3256 1298 3304 haec

816 3321 1162 3456 tttttttttttttttff
1177 3321 1299 3454 iiiii.

816 3464 932 3508 veterum
959 3458 1062 3508 sedium
1090 3457 1298 3507 commemoratio

816 3541 887 3576 nuuc
907 3525 985 3588 velit,
1016 3524 1134 3590 equidem
1163 3540 1217 3575 nou
1242 3540 1299 3589 per-

816 3594 911 3679 spicio.
944 3592 1024 3643 Liber
1044 3608 1114 3643 uuus
1134 3593 1217 3644 Poris.
1243 3591 1299 3658 λδίᾳ

818 3658 865 3725 ὑφ’
896 3657 985 3746 ἡμων,
1005 3661 1082 3710 unde
1108 3660 1170 3711 olim
1198 3661 1299 3710 conieci

818 3725 968 3795 λδίᾳέφΗ
954 3733 1039 3794 ημων,
1063 3730 1133 3794 ipsi
1155 3745 1299 3795 pernes,

817 3797 1217 3862 nestraipsorumopers:
1231 3812 1299 3861 quse

817 3863 897 3915 verbe
918 3880 1041 3930 quorsum
1066 3870 1195 3930 spectent,
1225 3880 1298 3914 uocu-

817 3933 901 3984 ratius
929 3934 1077 3984 declaratur
1104 3933 1174 3982 istis:
1209 3929 1299 3997 ἐπειδὴ

818 4006 871 4050 τῶν
902 3999 951 4050 διδ.
984 3996 1181 4080 ἀπηλλάγημεν,
1216 4005 1299 4065 post·

818 4085 910 4134 quum
944 4069 1126 4134 magistros
1156 4067 1298 4152 relique·

818 4150 934 4186 ramus.
957 4136 1106 4185 Dictiouem
1130 4131 1173 4197 ἐφ’
1192 4134 1298 4194 ἑαυτοῦ,

818 4199 857 4253 λα’
881 4201 960 4263 ἐμου,
984 4199 1063 4265 ἐφ’
1047 4207 1134 4262 υμων,
1158 4201 1300 4252 illustravit

817 4272 989 4324 Hermann.
1017 4269 1051 4320 ad
1072 4270 1159 4335 Viget
1181 4286 1206 4335 p.
1231 4268 1299 4332 859,

818 4339 915 4404 tetigi
909 4354 964 4403 rpse
982 4337 1015 4387 sd
1026 4338 1145 4404 Sympos.
1157 4353 1182 4402 p.
1194 4336 1253 4389 201.
1265 4340 1298 4388 Ι).

817 4409 872 4459 Nsc
889 4422 950 4457 vero
968 4423 1015 4457 nos
1032 4406 1210 4472 poenitetium
1221 4406 1299 4457 huius
