3242 5259
380 610 440 664 τοι
792 601 989 661 acaronis
1077 581 1080 589 “

379 768 409 830 εἴ
426 789 481 849 μοι
502 760 596 842 εἶπες,
618 763 666 828 ὅτι
688 763 706 827 ὁ
727 763 766 826 τά
788 766 852 840 ζῶα
872 763 1030 844 γράφων,
1051 754 1098 839 ἄρ’
1121 763 1182 825 οὐκ
1202 761 1245 826 διν
1265 763 1399 837 δικαίως

379 880 414 928 οε
444 864 587 946 ἠρόμην,
624 862 642 925 d
678 862 717 924 τὰ
745 866 823 925 κοῖα
852 865 922 924 τῶν
946 862 1037 937 ζώων
1064 860 1202 941 γράφων
1230 859 1284 924 καὶ
1313 869 1397 936 ποῦς

324 963 356 1026 D
380 964 476 1026 ΓΟΡ.
509 961 605 1023 Πάνυ
625 980 669 1039 γε.
712 961 788 1021 Ede.
814 946 900 1038 ³Apa
927 957 980 1020 διὰ
1008 965 1124 1034 τοῦτο,
1156 951 1206 1020 ὅτι
1232 956 1286 1022 καὶ
1305 962 1398 1022 ἄλλοι

381 1059 440 1123 εἰσὶ
461 1058 625 1140 ζωγράφοι
652 1058 833 1139 γράφοντες
852 1059 933 1118 ἄλλοι
960 1052 1063 1118 πολλὰ
1084 1057 1167 1132 ζώοις
1199 1057 1296 1118 [ῸΡ.
1318 1056 1397 1118 Ναί.

380 1159 459 1222 Est.
480 1157 523 1218 Εἰ
543 1153 577 1218 δι’
598 1175 635 1236 γε
655 1153 765 1234 μηδεὶς
789 1157 885 1227 ditos
905 1152 925 1235 ἢ
949 1151 1058 1229 Ζεῦξις
1078 1152 1209 1234 ἔγραφε,
1230 1156 1336 1227 καλῶς
1357 1156 1399 1216 ἄν

381 1270 432 1318 σοι
453 1248 656 1332 άπεκέκριτο;
687 1253 719 1313 Γ
718 1252 780 1313 ΟΡ.
812 1254 890 1324 Πῶς
910 1249 972 1332 γάρ
1003 1253 1060 1325 οὒς
1090 1252 1167 1314 Est.
1187 1244 1263 1314 Ἴθι
1283 1247 1323 1332 δὴ
1345 1248 1398 1314 καὶ

381 1350 451 1433 περὶ
473 1360 529 1433 τῆς
551 1346 814 1431 peccatricium,
834 1348 972 1428 πότερόν
993 1362 1044 1409 σοι
1064 1348 1154 1412 δοκεῖ
1171 1348 1275 1411 πειθὼ
1294 1353 1399 1412 ποιεῖν

381 1451 402 1533 ἡ
424 1445 575 1530 ῥητορικὴ
595 1447 698 1528 μόνη,
726 1445 746 1527 ἢ
767 1443 821 1508 καὶ
841 1447 930 1507 ἄλλοι
960 1443 1081 1526 τέχναις
1112 1440 1249 1526 λέγωδὲ
1277 1445 1316 1508 τὸ
1337 1467 1398 1509 τοι

382 1547 472 1610 όνδε·
495 1541 577 1623 δςτις
597 1544 738 1607 διδάσκει
758 1543 869 1607 ὁτιοῦν
888 1553 1038 1625 τράγμοι,
1059 1544 1197 1624 πότερον
1217 1543 1235 1604 ὃ
1256 1541 1398 1606 διδάσκει

381 1645 495 1716 πείθει,
516 1643 610 1724 dod,
634 1645 663 1705 Γ
664 1644 727 1705 ΟΡ.
754 1641 804 1704 Οὐ
820 1640 909 1721 δῆτα,
932 1632 957 1703 ὦ
972 1641 1153 1722 Σώκρατες,
1173 1637 1252 1702 ἀλλὰ
1267 1641 1398 1704 πάντων

331 1749 360 1814 Ε
383 1742 518 1824 μάλιστα
538 1741 651 1802 πείθει.
704 1741 781 1802 Est.
804 1739 911 1800 Πάλιν
931 1738 971 1819 δὴ
993 1736 1128 1801 ἐπὶτῶν
1150 1739 1258 1800 αὐτῶν
1278 1743 1399 1820 τεχνῶν

383 1837 522 1919 λέγωμεν
543 1826 649 1916 ὧνπερ
669 1842 733 1899 νῦν
754 1836 810 1918 δή·
833 1836 855 1918 ἡ
875 1832 1068 1917 ἀριθμητικὴ
1090 1835 1131 1897 οὐ
1152 1834 1295 1899 διδάσκει
1315 1837 1398 1919 ἡμᾶς

382 2058 384 2062 ’
435 2048 498 2110 ζῶα
520 2043 673 2111 γράφων]
700 2046 764 2108 §oica
788 2048 815 2091 et
836 2059 897 2093 mox
920 2040 1008 2105 ζάιοιν
1032 2048 1058 2092 et
1080 2044 1145 2105 ζῶια
1162 2043 1261 2107 Clark,
1279 2050 1310 2093 ut
1326 2045 1399 2106 solet,

384 2131 461 2179 quam
478 2117 604 2164 rationem
621 2118 682 2163 sunt
699 2114 745 2177 qui
761 2127 807 2177 pro
825 2126 888 2161 vera
904 2109 1022 2184 probent.
1271 2109 1273 2112 ’

433 2252 465 2298 D.
502 2245 533 2297 ιδ
552 2245 703 2313 τοιόνδε]
722 2242 750 2294 ιδ
769 2243 919 2324 τοιοῦτόνδε
936 2246 995 2296 Vat.
1014 2245 1047 2294 Δ.
1071 2246 1136 2296 Ven.
1157 2245 1187 2295 Σ.
1211 2246 1291 2297 vind.

432 2385 462 2434 Ε.
499 2382 604 2434 Πάλιν
628 2378 665 2448 δὴ
688 2380 741 2430 ἐπὶ
761 2379 790 2446 τ]
809 2382 859 2430 Pro
878 2381 949 2445 vulg.
969 2377 1053 2430 Πάλιν
1077 2377 1098 2429 δ’
1125 2380 1152 2430 εἰ
1168 2380 1257 2431 Clark.
1281 2383 1342 2432 Vat.
1364 2384 1399 2433 Δ.

382 2453 446 2503 Van.
466 2452 489 2503 Ξ
496 2453 526 2502 Σ.
546 2450 624 2502 Vind.
637 2448 662 2501 2.
674 2457 699 2499 et
716 2465 765 2499 rec.
777 2448 858 2498 Coisl.
873 2444 956 2497 Πάλιν
970 2446 1012 2512 δή,
1029 2448 1098 2512 quod
1111 2465 1180 2498 nunc
1191 2464 1252 2500 cum
1262 2451 1352 2502 Herm.
1363 2467 1403 2502 re·

381 2636 437 2685 ιικδ
458 2653 507 2684 voa
528 2635 633 2685 νάρδον
656 2633 736 2697 Seite,
768 2648 788 2685 s.
811 2647 865 2681 was
916 2630 1026 2699 dagogg.
1039 2631 1224 2683 Amstclodam.
1237 2631 1403 2686 1850.ch

381 2702 445 2752 stelit
461 2719 489 2752 er
506 2720 542 2752 οτι
559 2702 636 2751 idaea
653 2701 721 2751 der?
752 2700 802 2750 Sed
820 2715 865 2748 no·
916 2701 949 2748 ΙΙ.
967 2716 992 2764 p.
1009 2699 1050 2750 81.
1074 2707 1100 2750 et
1122 2703 1340 2766 generosissimus
1363 2705 1403 2753 in-

381 2771 468 2820 lumus
500 2770 597 2819 diutius
631 2771 659 2818 in
686 2766 865 2818 examinandis
915 2768 989 2817 venis
1030 2769 1229 2818 Anastasius
1276 2770 1404 2821 Genna-

382 2838 496 2886 virorum
508 2837 640 2885 doctorum
649 2834 864 2885 hariolationibus
916 2834 1003 2895 dios,
1021 2835 1195 2896 Atheniensis,
1213 2837 1327 2901 quiquo
1339 2846 1404 2888 tem·

382 2905 486 2954 morari.
524 2904 613 2954 Satius
642 2905 690 2951 erit
712 2902 864 2966 disperisse,
915 2918 976 2966 pore
999 2903 1104 2966 Lipsiae
1132 2903 1276 2954 studiorum
1306 2921 1403 2958 caussa

383 2965 701 3036 quid'argumentationis
729 2971 793 3019 ratio
821 2985 865 3033 po·
916 2973 1133 3033 commorabatur,
1151 2987 1209 3020 eam
1225 2972 1294 3022 ultro
1313 2973 1403 3024 nobis·

384 3037 469 3088 stulet.
510 3039 678 3088 Manifestum
709 3043 748 3086 est
778 3045 864 3086 autem
916 3053 975 3087 cum
997 3040 1208 3088 communicavit.
1253 3041 1308 3091 Nec
1339 3058 1402 3093 vcro

384 3107 517 3156 Socratem
547 3105 692 3171 significare
719 3105 865 3154 accuratius
916 3106 991 3155 aliter
1008 3121 1024 3154 a
1041 3106 1150 3156 Platone
1168 3107 1292 3172 scriptum
1318 3109 1403 3160 fuisse

384 3173 461 3222 etiam
472 3172 645 3223 definiendum
656 3189 719 3235 esse,
735 3173 865 3236 qualem
916 3172 1046 3222 luculente
1070 3173 1162 3225 docent
1183 3175 1317 3239 proxima:
1348 3169 1404 3240 ἆρα

383 3240 488 3290 tandem
528 3241 777 3306 persuasionem
822 3255 864 3288 ars
914 3236 959 3289 διὰ
990 3246 1080 3300 τοῦτο,
1110 3239 1147 3290 ὅιι
1176 3243 1219 3291 καὶ
1250 3239 1322 3293 ἄλλοι
1345 3244 1402 3294 εἰσὶ

384 3308 511 3358 rhetorica
534 3309 642 3369 efficiat,
668 3308 762 3372 quippe
785 3323 864 3370 quum
917 3305 1055 3372 ζωγράφοι
1070 3305 1402 3374 γράφοντεςᾶλλαπολλδ

384 3377 461 3425 etiam
475 3377 541 3425 aliae
552 3382 619 3426 artes
631 3375 864 3439 sintpersuasionis
917 3379 986 3438 ζώοις
1007 3376 1055 3424 ubi
1071 3377 1190 3426 Socrates
1212 3393 1259 3443 pro
1277 3385 1403 3430 accurata

385 3445 533 3494 effectrices.
581 3445 669 3507 Itaque
699 3441 765 3491 nihil
793 3441 865 3490 aliud
916 3442 1063 3507 disputandi
1096 3445 1196 3494 ratione
1230 3446 1287 3495 sine
1321 3446 1403 3498 dubio

383 3512 428 3561 ille
435 3512 549 3576 requirit,
558 3513 609 3560 nisi
620 3510 678 3570 hoc,
689 3511 776 3559 utiam
786 3509 864 3558 etiam

383 3579 448 3629 illud
458 3581 604 3629 accuratius
617 3577 785 3642 significetur,
796 3576 865 3640 quod

384 3647 491 3696 dicendo
520 3645 587 3696 effici
620 3646 703 3695 soleat
744 3644 864 3708 quodque

384 3714 526 3763 rhetoricae
556 3720 688 3777 tamquam
720 3712 864 3762 subiectum

383 3783 429 3842 sit,
464 3781 490 3830 id
519 3780 587 3844 quod
616 3781 719 3845 vulgari
747 3796 864 3829 sermone

384 3849 548 3899 obiectum
567 3849 741 3912 persuasionis
758 3847 863 3896 dixeris.

384 3916 459 3978 Quod
476 3918 522 3965 ubi
540 3924 671 3973 tenemus,
690 3915 751 3979 quid
769 3916 795 3962 in
815 3915 864 3963 isto

383 3989 434 4031 τοῦ
446 3984 531 4043 lateat,
544 3999 622 4048 propo
634 3991 724 4046 sponte
736 3983 763 4030 in
775 3982 864 4030 oculos

382 4051 498 4100 incurrit.
517 4050 687 4100 Scribcndum
697 4051 765 4098 enim
776 4047 864 4112 procul

383 4118 461 4167 dubio
479 4123 530 4167 est:
555 4118 597 4166 καὶ
622 4113 684 4166 ποῖ’
703 4113 755 4176 οὗ,·
780 4115 864 4176 eram

383 4186 486 4248 quIdem
498 4186 633 4235 lectionem
643 4184 794 4234 feliciasIma
804 4200 864 4232 con·

382 4253 481 4301 iectura
509 4269 591 4317 nuper
618 4250 803 4300 restituendam
827 4252 865 4298 vi·

383 4319 474 4368 derunt
499 4321 517 4368 Ι,
542 4322 572 4368 Α.
596 4319 625 4368 C.
648 4335 709 4368 van
732 4319 864 4369 Heusde

381 4387 410 4435 in
427 4387 569 4437 Miscellan.
593 4387 735 4452 philologg.
758 4392 783 4436 et
805 4403 864 4452 pae-

915 3506 1009 3559 tuom
1032 3510 1186 3574 addidisset,
1215 3513 1239 3562 si
1262 3518 1315 3563 ποῦ
1338 3531 1405 3565 vera

915 3578 993 3627 lectio
1012 3585 1095 3638 esset,
1118 3587 1145 3628 et
1161 3579 1230 3629 unde
1248 3581 1326 3630 etiam
1344 3599 1404 3648 per-

916 3647 1039 3710 spicitur,
1076 3646 1242 3710 quamobrem
1275 3657 1335 3713 post
1373 3647 1404 3701 τὰ

894 3718 896 3721 ’
917 3719 980 3762 ,τοῖα
1001 3714 1079 3763 etiam
1102 3714 1231 3765 istudne!
1258 3713 1324 3767 ποῖ’
1351 3714 1403 3778 οὔ,·

916 3780 1062 3831 subiectum
1079 3781 1121 3831 sit.
1143 3783 1240 3832 Verum
1257 3785 1322 3833 satis
1333 3784 1403 3836 haec

916 3847 947 3897 de
970 3848 1027 3898 loco
1051 3849 1155 3899 undem
1179 3851 1320 3914 aliqnando
1342 3852 1403 3902 feli·

916 3917 980 3964 citer
1010 3917 1151 3982 integritati
1179 3933 1242 3968 suae
1272 3920 1404 3970 restituto.

915 3984 998 4032 -De
1009 3984 1125 4035 Zeuxide
1142 4001 1167 4034 r.
1184 3985 1283 4036 Ottfr.
1301 3986 1405 4038 Muel-

917 4049 972 4099 ler.
1011 4052 1159 4116 Ανοδᾶοὶορ.
1193 4054 1216 4113 5.
1249 4051 1298 4104 137
1330 4070 1404 4120 seqq.

916 4117 996 4166 silli
1003 4135 1026 4183 g.
1046 4118 1130 4169 Catal.
1143 4121 1218 4170 artiff.
1230 4136 1255 4184 p.
1264 4119 1316 4172 459
1328 4137 1403 4188 seqq.

916 4185 968 4246 Qui
991 4186 1060 4248 quod
1084 4186 1180 4237 dicitur
1210 4189 1265 4252 ζῶα
1292 4187 1404 4255 γράφοι,

915 4252 1055 4303 tenendum
1084 4265 1124 4304 est
1146 4256 1218 4318 ζῶον
1234 4255 1288 4305 dici
1317 4257 1404 4308 solare

916 4321 993 4369 etiam
1017 4321 1048 4371 de
1071 4321 1220 4373 simulacris
1243 4329 1269 4374 at
1290 4325 1404 4389 picturis

915 4389 999 4438 omnis
1017 4390 1120 4455 generis
1138 4390 1172 4440 ad
1188 4391 1279 4442 vivum
1299 4407 1404 4460 expres·
