3242 5259
340 590 399 642 234

737 590 932 649 PLATONIS

275 750 303 814 B
338 751 434 812 τοῦτο
454 757 510 829 τῆς
532 758 653 830 ψυχῆς,
683 740 723 813 οὗ
753 751 787 814 αἱ
815 751 984 834 ἐπιθυμίαι
1014 754 1088 831 rici,
1110 756 1148 817 τό
1176 757 1352 822 ἀκόλαστον

337 839 440 909 αὐτοῦ
461 843 513 909 καὶ
534 841 574 909 οὐ
595 849 769 928 στεγανόν,
797 849 842 923 ὡς
862 847 1052 931 τετρημένος
1080 851 1129 933 εἴη
1149 854 1269 928 πίθος,
1299 855 1347 920 out

336 940 396 1024 τὴν
416 943 592 1025 ἀπληστίαν
613 940 794 1022 ἀπεικάσας.
822 941 1016 1012 τούναντίον
1041 949 1082 1030 δὴ
1112 940 1210 1024 οὗτος
1230 951 1299 1026 σοί,
1329 945 1351 1015 ὦ

340 1041 535 1120 Καλλίκλεις,
557 1042 773 1119 ἐνδείκνυται,
804 1044 847 1118 ὡς
866 1049 932 1109 τῶν
954 1041 1115 1110 {findor
1137 1084 1173 1094 -
1197 1049 1235 1111 τὸ
1256 1048 1351 1125 ἀειδὲς

385 1295 415 1344 B.
450 1285 487 1343 οὗ
509 1294 541 1343 αἱ
564 1293 760 1362 ἐπιθυμίαι]
795 1299 875 1347 Recte
897 1297 939 1347 hic
963 1298 1081 1349 inserunt
1103 1299 1253 1351 urtioulum
1276 1302 1350 1369 vulgo

334 1505 387 1538 non
404 1494 499 1538 temere
516 1488 559 1538 hic
576 1490 711 1555 interponi.
735 1492 815 1540 Tecte

336 1561 421 1606 eutem
443 1563 469 1606 et
492 1573 549 1606 eum
574 1557 627 1606 leni
648 1558 731 1607 ironia
756 1559 814 1607 Em·

333 1623 466 1689 pedoelem
482 1625 634 1689 significans
651 1625 723 1675 addit
735 1626 814 1676 haee:

336 1693 401 1744 ἴσως
416 1690 522 1745 Σικελός
540 1710 576 1746 τις
594 1691 609 1758 ἢ
626 1690 751 1746 Ἰταλικόν.
769 1694 815 1744 Vi·

334 1758 430 1810 delicet
444 1766 554 1825 utroque
576 1761 681 1811 nomine
704 1762 749 1811 ille
771 1776 814 1826 po·

335 1829 385 1877 tuit
410 1834 480 1878 recte
508 1830 646 1894 appellari3
676 1847 736 1880 nam
765 1831 814 1879 etei

335 1896 437 1945 Siculus
460 1903 527 1958 erut,
555 1904 641 1946 tamen
670 1914 685 1947 ο
714 1899 814 1947 familia

334 1963 440 2026 Italico,
462 1980 539 2028 quam
556 1967 668 2015 maxime
691 1967 813 2030 sequeba-

334 2038 390 2093 tur,
417 2034 521 2082 nomine
550 2033 637 2082 Italici
663 2049 715 2082 non
743 2033 813 2083 vide·

333 2099 410 2149 batur
431 2100 562 2166 indignus.
607 2103 681 2164 Quae
706 2101 728 2152 si
751 2118 813 2151 vere

333 2175 408 2230 sunt,
431 2169 510 2218 facile
527 2169 603 2218 etiam
621 2176 738 2234 apparet,
761 2185 812 2234 quo

332 2239 387 2286 iure
405 2237 513 2287 Groen
536 2253 598 2288 ven
624 2238 812 2287 Prinsterer

332 2305 557 2371 Prosopographie
587 2306 689 2356 Platon.
723 2321 747 2370 p.
770 2303 811 2356 39.

332 2374 412 2423 verba
434 2373 499 2425 ἴσως
525 2371 632 2426 Σικελός
654 2391 689 2425 τις
713 2371 729 2438 ἢ
752 2368 812 2422 Ἰτα-

332 2438 400 2492 λικός
417 2441 445 2490 iu
463 2441 627 2506 glossematis
638 2443 812 2506 suspicionem

333 2508 460 2559 adducere
478 2509 611 2559 studuerit.
630 2509 750 2559 Ceterum
769 2524 813 2558 ve·

331 2577 433 2627 rissime
476 2577 812 2627 Sehleiermscherus

332 2645 364 2694 ed
381 2645 406 2694 h.
425 2646 456 2695 l.:
479 2645 641 2710 ,Παλαίμονα
658 2647 691 2694 iet
707 2661 732 2694 es
749 2644 814 2693 ιαοΙιί

331 2712 389 2761 sehr
417 2712 585 2770 τοιιιιάανλίοίι,
620 2712 700 2762 dieses
731 2712 813 2776 μναάα

324 2780 377 2844 fiir
386 2779 493 2843 Ιιαίίίμτκ
499 2780 725 2844 pytkoqoreisolten
733 2780 812 2829 Emer

331 2863 363 2895 zo
384 2846 506 2908 κτίννυται,
535 2848 590 2896 und
611 2848 684 2896 einen
708 2863 812 2910 μνοαταπ

339 2913 423 2962 Wertk
452 2914 556 2979 darauf
580 2931 612 2963 ττι
640 2915 724 2978 leyen,
759 2932 812 2964 was

332 2981 426 3031 Platon
447 2981 520 3030 solbet
541 2981 611 3031 nicht
632 2982 699 3044 thet,
727 2983 812 3031 imtem

331 3065 360 3098 er
389 3057 551 3113 roraureoqt,
586 3049 647 3098 dass
675 3065 703 3099 er
731 3049 813 3099 decrit

332 3116 412 3166 αἰτίαν
429 3117 576 3166 currictico
600 3117 694 3179 werde,
719 3117 765 3166 wie
786 3133 811 3166 es

330 3185 399 3234 deno
412 3184 494 3234 τοτάατ
504 3185 680 3249 Ζααόνιτακκμ
691 3185 735 3235 des
752 3185 810 3235 Ver·

330 3252 433 3302 stando
460 3253 523 3303 κοιλ
558 3252 741 3317 Umstimmuup
767 3254 812 3303 der

331 3319 468 3372 deridete
495 3321 691 3386 dervorbrinqen
724 3322 811 3379 kam:

329 3388 440 3438 αοντάανα
463 3390 529 3439 atech
552 3388 608 3438 dier
624 3390 657 3438 ist
681 3389 723 3438 ein
737 3397 811 3451 puter

334 3457 408 3507 Τλαίί
419 3457 492 3506 ίαίτατ
504 3455 598 3507 Soter:
609 3457 671 3506 iiber
682 3456 724 3505 die
736 3456 810 3505 τοολί-

326 3525 457 3590 μοπιαὶαίο,
468 3525 529 3574 eber
542 3524 727 3590 renfruchtbare
737 3523 810 3572 Kest-

328 3593 427 3642 όατλείί
447 3593 503 3642 und
521 3589 747 3658 Schroerfitllr'yket't
763 3592 810 3640 eol-

251 3701 262 3709 ..
328 3661 388 3710 cher
406 3660 502 3724 Diope,
527 3660 583 3708 τιαά
606 3676 634 3709 er
650 3659 702 3709 will
717 3660 809 3722 ταίμοπ,

327 3729 374 3778 τοία
391 3745 419 3777 er
441 3727 510 3777 αἰτία
532 3727 591 3776 eder
612 3729 696 3776 inciter
718 3727 810 3776 λονιπα

329 3798 374 3846 mit
389 3796 483 3845 reinem
495 3792 605 3858 θεμααν,
623 3795 660 3844 bis
678 3811 706 3844 er
717 3795 810 3844 wieder

327 3881 359 3914 τπι
376 3864 460 3914 seim
476 3862 611 3928 ἀτιμότατα
634 3863 689 3911 iord
705 3862 809 3911 scilici-

328 3942 369 3982 τοο
407 3931 520 3980 Methode
554 3929 745 3979 ττινιῖολ·ίτλττ.”
775 3959 808 3967 -

329 3996 434 4059 κομυό
441 4017 454 4050 ς
472 3998 502 4048 de
514 3997 676 4063 philosophis
688 3998 809 4061 frequens

327 4067 396 4132 apud
405 4069 548 4126 Platonem,
563 4066 713 4131 plerumque
722 4072 808 4114 tumen

328 4136 406 4185 habet
423 4134 522 4200 aliquid
540 4135 638 4184 ironiae
652 4134 807 4194 Socraticae,

328 4211 356 4251 ut
374 4204 456 4268 magis
474 4202 505 4252 de
527 4203 632 4252 nimia
655 4209 686 4251 et
703 4201 809 4251 adsci-

328 4277 359 4318 ta
381 4278 558 4320 venustate
580 4277 611 4320 et
635 4271 808 4334 elegantia

328 4337 524 4404 intelligendum
539 4341 573 4388 sit
590 4338 714 4402 quamde
732 4354 808 4387 vera

329 4410 359 4454 et
376 4406 531 4455 naturali.
550 4405 755 4456 uituhnken.
775 4405 806 4454 ed

866 1489 933 1540 Tim.
953 1491 1038 1541 Gloss.
1055 1507 1081 1556 p.
1100 1491 1156 1543 162.
1192 1494 1285 1560 Neque
1302 1493 1348 1544 hoc

866 1557 924 1608 loco
947 1564 1023 1610 vacat
1044 1559 1178 1623 irrisione,
1203 1563 1226 1611 si
1250 1562 1349 1627 quidem

866 1626 1037 1690 Empedocles
1054 1629 1164 1693 eiusque
1176 1629 1349 1681 adsectatores

865 1701 969 1758 μιῆναι·
991 1695 1129 1746 obscuram
1146 1697 1261 1748 docendi
1277 1700 1349 1749 ratio·

865 1777 925 1811 nem
955 1770 1105 1829 carpuntur.
1148 1765 1236 1816 Aliter
1265 1771 1348 1817 tumen

865 1829 991 1880 iudicavit
1024 1831 1268 1896 Heindoriius‚
1307 1835 1347 1899 qui

865 1914 956 1948 vocem
979 1898 1022 1948 hic
1047 1901 1104 1950 sine
1129 1901 1217 1952 ironic
1240 1903 1347 1966 positam

865 1965 1011 2016 arbitratur.
1041 1995 1074 2004 -
1110 1967 1272 2036 παράγων
1312 1969 1348 2036 τῷ

865 2030 1021 2094 όνόματι,
1068 2049 1187 2085 nomen
1220 2037 1348 2102 paullu-

865 2100 1348 2168 lummutensctqueflectens.

866 2169 934 2218 Usus
952 2169 1027 2219 verbi
1043 2186 1124 2234 quum
1146 2171 1214 2221 alibi
1240 2179 1296 2224 tum
1320 2174 1344 2222 in

865 2236 971 2301 Cretylo
1000 2238 1128 2303 frequens.
1161 2268 1195 2278 -
1230 2236 1285 2290 διὰ
1317 2237 1345 2290 τό

866 2303 1010 2355 πιθανόν
1039 2323 1070 2355 τε
1098 2307 1152 2355 καί
1186 2306 1343 2358 πιστικόν.

864 2371 931 2422 Nam
955 2370 1070 2438 τυγχάνει
1092 2371 1124 2423 ὃν
1150 2370 1213 2424 οἷον
1239 2372 1344 2425 ἀναπαί-

865 2441 966 2490 θασθαι
983 2441 1025 2490 καί
1043 2445 1210 2501 μεταπίπτειν
1228 2439 1346 2494 ἄνακτ’·

865 2525 905 2556 τω.
941 2509 981 2558 De
1011 2510 1094 2558 formu
1120 2511 1242 2560 πιστικόν
1272 2528 1296 2561 v.
1322 2528 1345 2576 p.

863 2573 922 2625 455.
940 2573 1102 2629 Α.-τούς
1125 2573 1295 2643 ἀνοήτους
1311 2581 1346 2628 in-

864 2642 1251 2710 telligitintemperantes,
1269 2647 1346 2697 lubi-

863 2710 1003 2762 dinibus
1040 2713 1272 2779 indulgentes.
1298 2713 1346 2763 vid.

863 2780 974 2844 interpp.
992 2779 1025 2830 sd
1038 2781 1206 2845 Aristophan.
1220 2782 1307 2834 Nubb.
1323 2797 1344 2831 v.

863 2844 921 2896 416.
953 2849 1088 2898 Hosvero
1109 2845 1282 2914 ἀμυήτους
1305 2865 1345 2899 vo-

864 2922 906 2963 σαι
938 2916 1080 2979 respiciens
1110 2916 1143 2966 ad
1167 2919 1243 2968 vocis
1272 2919 1346 2983 origi·

863 2998 929 3030 rem.
969 2985 1080 3032 Ducitur
1097 2985 1167 3034 enim
1194 3001 1210 3034 a
1227 3001 1253 3035 v,
1271 2984 1343 3046 μύειν

863 3050 1035 3111 claudere,
1052 3051 1122 3100 unde
1139 3052 1203 3102 dicti
1221 3060 1284 3103 sunt
1299 3050 1343 3113 μό·

865 3133 928 3176 οταν,
945 3120 1069 3182 quonium
1083 3125 1151 3169 teste
1162 3121 1343 3172 Eustethio

863 3185 896 3234 ud
918 3185 993 3235 iliad.
1018 3186 1053 3235 o'.
1071 3202 1096 3251 p.
1116 3185 1190 3237 1492.
1210 3189 1251 3239 ed.
1268 3188 1343 3238 Baeil.

864 3260 918 3303 τοῖς
945 3252 1053 3314 μύσταις
1081 3250 1184 3321 ἀνάγκη
1214 3254 1291 3316 μόοιν
1317 3254 1342 3305 τὸ

864 3316 943 3379 στόμα
967 3323 1010 3370 καὶ
1033 3319 1068 3387 μὴ
1092 3322 1233 3385 ἐκφαίνειν
1260 3321 1278 3373 ἃ
1300 3341 1341 3384 με·

862 3387 979 3452 μόηντατ.
996 3390 1088 3454 Itaque
1106 3391 1134 3439 οἱ
1151 3387 1263 3456 ἀμύητοι
1276 3407 1343 3441 nuuc

862 3454 959 3520 duplici
976 3472 1055 3507 sensu
1072 3457 1203 3521 dicuntur,
1226 3465 1257 3508 ut
1273 3461 1343 3509 intel·

863 3523 978 3588 ligantur
995 3541 1048 3575 non
1065 3526 1151 3576 solum
1168 3527 1201 3586 ii,
1227 3528 1286 3591 qui
1301 3543 1344 3577 ee·

861 3592 929 3640 cris
947 3609 1009 3641 nou
1027 3598 1105 3642 sunt
1126 3595 1276 3657 initiati,
1300 3594 1342 3644 sed

861 3660 1342 3724 etiamilli‚quinihilcleudunt,

860 3727 948 3776 nihil
977 3730 1160 3779 continent
1191 3736 1224 3780 et
1250 3730 1342 3795 quusi
1382 3769 1388 3780 .

860 3795 976 3844 rimosi
998 3802 1075 3846 sunt
1099 3802 1195 3860 atque
1218 3798 1342 3848 hiscen·

860 3869 910 3911 tes
929 3861 970 3912 διὰ
988 3860 1016 3912 τό
1035 3869 1079 3929 τῆς
1096 3869 1180 3931 ψυχῆς
1197 3861 1342 3916 ἀκόλαστον

861 3930 903 3978 καὶ
931 3927 963 3979 ori
995 3929 1129 3997 στεγανόν.
1159 3960 1192 3969 -
1223 3934 1342 3984 Proxima

860 3998 924 4046 vitio
941 3997 1059 4049 laborare
1076 4006 1166 4050 censet
1183 4001 1342 4052 Heindor-

859 4067 935 4114 fius.
970 4067 1037 4116 Nam
1053 4069 1118 4116 ister
1146 4065 1173 4117 τό
1198 4064 1342 4119 ἀκόλαστον

859 4130 941 4183 αὐτοῦ
959 4135 1001 4183 καί
1019 4131 1052 4184 ori
1072 4133 1215 4201 στεγανόν,
1240 4143 1342 4202 propter

859 4200 975 4251 additum
992 4200 1074 4252 αὐτοῦ
1086 4203 1232 4254 molestiam
1245 4212 1339 4255 creant.

859 4270 926 4318 Nam
953 4271 975 4319 si
998 4267 1080 4320 αὐτοῦ
1107 4272 1188 4320 refers
1212 4271 1247 4322 ad
1269 4279 1340 4322 τοῦτο

860 4342 903 4401 τῆς
922 4342 1011 4404 ψυχῆς,
1028 4338 1091 4387 huic
1108 4339 1205 4389 rationi
1221 4341 1278 4406 ipse
1288 4341 1341 4405 phi·

858 4404 982 4470 losophus
1004 4406 1168 4471 adversatur,
1191 4409 1239 4474 qui
1260 4413 1340 4459 toturn
