3242 5259
488 592 672 652 GORGIAS.
694 596 727 652 P.
751 597 821 653 461.
844 596 889 654 ed.
912 595 954 655 st.
1167 591 1225 654 127

211 754 325 833 λογίας
354 751 501 818 ἐναντίον
529 778 559 817 τι
587 753 707 837 συνέβη
737 753 772 820 ἐν
793 762 860 832 τοῖς
880 760 988 838 λόγοις
995 785 1003 834 ;
1031 753 1124 823 τοῦθ’
1148 755 1228 841 ὃδὴ

210 852 348 934 ἀγαπᾷς,
370 849 471 926 αὐτὸς
487 852 619 935 ἀγαγὼν
634 853 686 917 ἐπὶ
699 864 832 918 τοιαῦτα
854 853 1047 938 ἐρωτήματα.
1070 854 1135 920 ἐπεὶ
1156 858 1229 920 τίνα

211 949 270 1013 οἴει
309 950 553 1033 ἀπαρνήσεσθαι
592 949 639 1034 μὴ
666 951 738 1034 οὐχὶ
764 951 819 1016 καλ
845 948 946 1017 αὐτὸν
973 951 1160 1017 ἐπίστασθαι
1189 955 1228 1018 τὰ

211 1049 321 1112 δίκαια
351 1047 406 1112 καὶ
431 1053 548 1124 ἄλλους
575 1050 728 1127 διδάξειν;
759 1051 825 1113 ἀλλ’
857 1052 900 1125 εἰς
927 1051 1118 1115 τὰτοιαῦτα
1139 1056 1229 1134 ἀγειν

211 1143 315 1228 πολλὴ
353 1147 501 1228 ἀγροικία
530 1146 593 1210 ἐστὶ
620 1147 696 1222 τοὺς
721 1149 848 1229 λόγους.
899 1151 975 1211 Ere.
1015 1137 1057 1212 Ὦ
1085 1153 1228 1214 κάλλιστε

214 1247 329 1321 Πῶλε,
362 1245 442 1307 ἀλλά
466 1269 515 1308 τοι
537 1243 710 1328 ἐξεπίτηδες
729 1247 879 1328 κτώμεθα
900 1245 1046 1327 ἑταίρους
1065 1245 1120 1312 καὶ
1139 1249 1228 1324 υἱεῖς,

211 1342 276 1417 ἵνα,
307 1339 438 1406 ἐπειδὰν
457 1337 549 1407 αὐτοὶ
568 1345 776 1424 πρεσβύτεροι
796 1345 982 1426 γιγνόμενοι
1002 1347 1228 1427 σφαλλώμεθα,

211 1441 372 1522 παρόντες
399 1440 488 1522 ὑμεῖς
515 1441 546 1505 ολ
564 1443 712 1523 νεώτεροι
732 1440 945 1522 ἐπανορθοῦτε
965 1444 1057 1525 ἡμῶν
1076 1445 1134 1507 τὸν
1156 1446 1230 1527 βίον

211 1539 264 1602 καλ
287 1537 324 1601 ἐν
345 1535 451 1620 ἔργοις
467 1539 520 1603 καὶ
543 1537 578 1602 ἐν
598 1541 714 1621 λόγοις.
737 1539 789 1604 καὶ
809 1551 873 1604 νῦν
894 1540 971 1611 εἴτι
992 1540 1128 1622 ἐγὼκαὶ
1150 1546 1181 1605 Γ
1177 1564 1229 1622 ορ·
1259 1548 1290 1612 Ι)
1319 1570 1323 1574 ·

209 1740 362 1791 BEFIW.
387 1738 463 1789 vind.
476 1738 498 1789 1.
516 1738 539 1790 2.
558 1739 582 1790 6.
607 1740 681 1789 Bodl.
700 1740 767 1805 Aug.
785 1742 944 1790 Meermann
961 1739 1031 1791 Flor.
1051 1741 1068 1788 f.
1086 1756 1106 1790 s.
1124 1758 1149 1790 Χ.
1168 1757 1229 1792 cum

209 1808 269 1857 edit.
287 1809 350 1858 Bas.
367 1805 391 1860 2.
423 1807 509 1873 Vulgo
527 1815 581 1857 erat
599 1805 678 1870 ἄγων,
697 1809 765 1872 quod
782 1808 950 1858 Heindorfius
968 1807 1128 1858 defendebat.

261 1871 342 1925 ἀλλά
366 1893 411 1924 τοι
436 1874 646 1941 ἐξεπίτηδες]
672 1877 744 1926 Bass.
770 1876 791 1928 1.
817 1876 841 1926 2.
870 1877 939 1925 Flor.
962 1893 988 1926 x.
1011 1873 1074 1926 ἀλλά
1092 1895 1125 1935 τι,
1152 1877 1228 1927 male.

208 1944 280 1992 Dein
299 1943 389 1993 Clark.
408 1943 467 1992 Vat
485 1945 549 1993 Ven.
570 1944 599 1993 Σ.
623 1943 706 1993 alii
692 1942 798 2025 ετέρονε
822 1943 897 1996 oreis.
938 1944 993 1993 Alii
1016 1944 1137 2008 ἑταίρους
1160 1944 1228 1998 oleis

207 2011 250 2061 vel
269 2010 378 2075 §repono
397 2011 438 2060 καὶ
458 2010 534 2070 υἱεῖς,
551 2012 620 2061 unde
639 2012 696 2060 vitii
714 2013 827 2078 origines
845 2027 1002 2077 cognoscere
1019 2013 1088 2061 licet.

261 2078 296 2127 ολ
321 2076 478 2141 νεώτεροι
502 2077 741 2146 ἐπανορθοῑτε]
772 2082 830 2130 Par.
854 2081 874 2129 Ι,
898 2078 1091 2144 ἐπανορθώται.
1116 2081 1173 2130 Par.
1196 2081 1227 2129 V.

171 2144 176 2150 ⁴
210 2163 290 2213 supra
307 2162 412 2196 versum
430 2144 614 2208 ἀπανορθῶιε,
638 2147 707 2211 quod
724 2147 795 2197 dedit
812 2148 922 2197 Bekker.
957 2149 991 2197 Et
981 2149 1047 2198 tsic
1064 2149 1141 2198 etiam
1158 2148 1227 2199 Flor.

210 2218 233 2265 b.
252 2233 278 2265 Χ.
299 2231 359 2265 cum
378 2214 415 2263 ed.
436 2215 494 2264 Bas.
513 2213 536 2265 2.
555 2216 678 2280 scriptum
696 2216 826 2266 exhibent.

261 2286 295 2334 D.
333 2283 386 2332 καὶ
408 2286 467 2332 νῦν
484 2283 560 2332 εἴτι
579 2282 654 2348 ἐγώ]
674 2284 760 2349 Steph.
781 2301 806 2332 τε
824 2299 915 2333 errore.

747 2468 808 2517 inde
842 2464 915 2517 τοῦθ’
944 2466 959 2517 ὅ
994 2476 1117 2532 sequente
1149 2469 1228 2517 verbo

747 2536 821 2585 finito
844 2536 939 2585 dicitur
961 2541 991 2584 ut
1007 2537 1063 2589 Lat.
1081 2537 1114 2585 id
1135 2536 1229 2600 quod.

209 2470 341 2519 Nimirum
370 2468 493 2517 convenit
520 2467 585 2518 haec
616 2470 696 2518 oratio

211 2552 274 2586 sane
288 2536 328 2586 ori
340 2534 450 2584 calidius
464 2535 601 2599 loquentis.
629 2538 697 2586 Tum

210 2605 298 2654 ἔπειτα
324 2619 383 2653 cum
404 2603 432 2650 vi
453 2602 569 2666 illatum,
593 2619 644 2667 quo
661 2603 697 2666 id,

210 2671 281 2737 quod
291 2687 327 2721 ex
339 2671 453 2736 Gorgiae
463 2672 624 2722 confessione
636 2687 697 2722 con-

210 2744 349 2804 sequatur,
375 2754 435 2789 cum
452 2738 564 2802 quadam
587 2756 697 2806 exagge-

209 2811 311 2858 ratione
329 2806 498 2872 significetur.
530 2808 597 2857 Nam
614 2809 696 2858 solere

211 2877 298 2926 ἔπειτα
321 2875 374 2936 sic,
399 2876 511 2925 maxime
537 2881 596 2939 post
619 2876 697 2941 parti-

211 2945 286 3009 cipia,
298 2958 421 3007 usurpem
413 2942 465 2992 ad
476 2942 605 2992 Phaedon
618 2960 644 3008 p.
656 2942 696 2994 76.

210 3013 240 3062 E.
266 3011 388 3061 docuisse
414 3010 538 3060 videmur.
578 3013 697 3076 Denique

211 3080 285 3136 Ioue,
303 3079 466 3140 fortasse,
483 3079 559 3128 iterat
576 3079 696 3159 quodam·

211 3148 287 3198 modo
305 3161 487 3212 praegressum
503 3145 568 3196 illud
587 3148 645 3206 οἴει,
669 3149 696 3196 in

212 3231 262 3280 quo
295 3214 363 3264 nihil
396 3221 435 3264 est
461 3229 524 3263 cur
537 3185 696 3264 haereamus.

211 3285 266 3333 Iam
288 3281 466 3365 interrogandi
487 3283 562 3348 signo
585 3289 644 3347 post
667 3281 697 3331 ἐν

212 3357 265 3403 τοῖς
288 3347 411 3415 λόγοις
403 3367 430 3399 1n
456 3349 541 3400 locum
563 3351 696 3402 commatis

211 3418 351 3469 substituto
383 3418 459 3468 facile
489 3418 612 3468 concedes
639 3434 696 3479 een·

211 3487 319 3537 tentiam
337 3486 389 3536 loci
407 3486 476 3536 hanc
493 3502 636 3552 emergere:
656 3503 696 3536 an

210 3561 323 3620 putas,
339 3560 513 3618 propterea
526 3555 608 3618 quod
624 3555 696 3605 Gor-

209 3625 284 3689 gias
303 3637 374 3672 oum
388 3621 512 3686 pudore
528 3621 696 3671 dubitavit

210 3707 273 3740 non
303 3689 486 3740 concedere
510 3690 625 3756 (negare)
653 3690 696 3738 vi-

210 3775 280 3808 rum
338 3757 541 3808 rhetoricum
598 3758 695 3808 etiam

210 3828 304 3876 iusta
321 3826 457 3875 novisse
481 3830 512 3874 et
529 3826 647 3890 pulcra
664 3832 696 3874 et

209 3893 309 3954 bona,
334 3909 371 3942 ac
395 3894 423 3942 si
445 3894 519 3957 quis
536 3893 574 3943 ad
591 3894 760 3959 ipsume

210 3961 348 4014 accedat
362 3961 475 4011 harum
487 3976 592 4010 rerum
608 3963 695 4026 igna-

210 4046 293 4092 rum,
337 4029 441 4078 fateri
479 4029 585 4093 ipsum
626 4045 695 4078 eum

211 4099 290 4148 haee
319 4111 390 4146 esse
416 4095 601 4158 docturum,
631 4102 695 4146 tum

210 4182 290 4216 vero
319 4181 357 4215 ex
385 4164 443 4214 hac
471 4165 544 4214 eius
567 4180 696 4214 conces-

212 4232 695 4296 sioneoontrariumquiddam,

210 4300 296 4366 quod
313 4306 438 4365 pugnet
456 4316 523 4349 cum
541 4299 695 4365 reliquis,

211 4374 447 4434 consequutum
469 4370 559 4418 esse?
586 4396 617 4405 —
645 4369 695 4418 De-

749 2603 915 2667 Compsravit
932 2603 1000 2652 hanc
1018 2605 1044 2653 in
1063 2620 1117 2653 rem
1134 2605 1230 2653 Hein—

748 2672 877 2720 dorfius
896 2672 1002 2722 Theaet.
1020 2688 1044 2736 p.
1056 2670 1112 2723 172.
1124 2673 1157 2721 D.
1189 2673 1230 2721 De

748 2741 810 2803 Rep.
828 2740 858 2788 V.
883 2754 907 2803 p.
925 2737 982 2789 462.
1000 2741 1046 2801 D.,
1069 2739 1163 2804 quibus
1186 2739 1230 2789 ad·

749 2807 845 2856 didisse
871 2806 971 2856 iuvabit
995 2809 1062 2856 Tim.
1087 2823 1111 2872 p.
1136 2806 1177 2859 61
1199 2809 1229 2858 Ε.

748 2875 809 2924 erit.
830 2874 886 2925 116.
905 2875 933 2924 G.
960 2876 1126 2959 Aristoph.
1143 2875 1231 2926 Nubb.

748 2939 1157 3028 ν.1173;ᾰ11”οςιιςο’βροιιοι
1149 2941 1229 3002 ἐστι,

749 3007 864 3075 φράσον,
887 3007 1001 3059 τοῦθ’”
987 3032 1000 3061 o
1018 3028 1049 3071 με
1067 3018 1139 3061 ποιεῖ
1153 3029 1230 3074 τιτρε-

747 3081 858 3138 μαίνεα.
885 3079 947 3128 Voc.
966 3076 999 3144 δή
1016 3085 1110 3140 autem,
1127 3085 1157 3129 ut
1173 3082 1229 3130 Lat.

748 3145 895 3207 scilicet,
940 3147 1068 3197 irrisionis
1105 3147 1230 3198 indicium

747 3215 817 3262 facit.
848 3215 967 3278 Denique
985 3215 1053 3278 quod
1071 3216 1157 3280 recepi
1174 3216 1230 3281 plu·

747 3283 870 3331 rimorum
905 3298 1044 3346 corumque
1075 3285 1229 3347 optimorum

746 3349 871 3399 librorum
894 3348 1030 3399 lectionem
1049 3347 1168 3414 ἀγαγάν,
1196 3353 1228 3400 ab

747 3417 914 3467 Heindorf
917 3419 940 3466 ii
958 3419 1086 3466 sententia
1097 3418 1230 3467 disceden-

746 3485 808 3534 dum
825 3487 888 3546 fuit,
911 3485 957 3549 qui
973 3493 1086 3549 tempore
1103 3485 1147 3534 hic
1164 3501 1229 3549 opus

746 3569 802 3603 ease
842 3552 983 3604 arbitratur
1016 3552 1229 3602 consuetudinem

747 3620 876 3686 quandam
882 3620 1051 3686 significante,
1061 3637 1113 3670 non
1120 3627 1229 3686 praeter·

746 3691 814 3749 itam
832 3691 967 3741 actionem.
999 3691 1102 3739 Etenim
1119 3691 1229 3739 aoristus

746 3757 868 3820 quoniam
887 3757 919 3806 ad
937 3758 1065 3809 actionem
1082 3757 1229 3806 idemtidem

746 3825 881 3888 repetitam
898 3825 1015 3888 refertur,
1037 3831 1069 3876 et
1079 3827 1134 3890 ipse
1151 3825 1230 3874 moris

747 3892 993 3942 etconsuetndinis
1016 3893 1230 3959 significat-ionem

747 3897 843 4009 htabere
861 3961 934 4010 solet.

781 4028 809 4077 C.
847 4028 878 4077 οἱ
906 4025 1062 4108 νεώτεροι
1088 4026 1230 4092 ἐπανορ·

747 4096 808 4143 r‘io
797 4114 841 4145 ιτε
858 4091 901 4161 ἡ.μ
904 4094 923 4161 ]
928 4096 1023 4145 Recte'
1016 4113 1043 4144 1n
1052 4096 1126 4148 codd.
1136 4095 1231 4161 legitur

747 4115 958 4227 ἀπανοράοἱτε,
977 4162 1231 4227 quodHeindorf.

747 4231 885 4280 Beklrer.
910 4231 976 4280 Ast.
1001 4230 1077 4279 alii'
1070 4249 1097 4280 m
1116 4229 1230 4295 ἐπανορ·
1260 4236 1262 4238 ’

746 4299 817 4348 θεῖτε
839 4303 978 4347 mutarunt.
1011 4299 1076 4348 Nam
1100 4299 1231 4363 optativus

745 4371 804 4430 post
826 4365 967 4431 particulas
989 4366 1080 4416 finales
1098 4367 1126 4416 in
1142 4368 1231 4418 huius-
