3242 5259
516 603 701 664 GORGIAS.
723 606 756 663 P.
780 609 852 664 521.
876 609 945 668 522.
967 607 1012 665 ed.
1035 606 1077 666 St.
1245 609 1305 667 327

289 768 336 843 ώς
357 765 395 831 ἐν
414 766 553 841 παιδίοις
574 767 682 847 ιάτρὸς
702 766 743 830 ἀν
763 768 921 848 κρίνοιτο,
949 779 1207 850 κατηγοροῦντος
1227 770 1305 847 ὀψο-

287 875 397 930 ποιοῦ.
420 865 532 928 σκόπει
552 865 623 946 γάρ,
644 866 675 928 τί
694 865 735 928 ἀν
755 866 950 946 ἀπολογοῖτο
972 867 990 930 ὁ
1010 873 1158 942 τοιοῦτος
1178 873 1305 948 ἀνθρω-

287 986 351 1038 πος
372 962 409 1026 ἐν
429 963 557 1036 τούτοις
577 963 728 1043 ληφθείς,
760 965 787 1027 εί
808 965 911 1027 αὐτοῦ
931 969 1108 1047 κατηγοροῖ
1123 988 1170 1039 τις
1190 963 1303 1047 λέγων,

290 1057 338 1124 ὅτι
353 1049 395 1123 Ὦ
415 1061 536 1135 παῖδες,
558 1060 661 1123 πολλὰ
678 1061 762 1143 ὑμᾶς
781 1060 834 1125 καί
856 1061 938 1126 κακὰ
959 1057 1013 1125 ὅδε
1027 1062 1190 1143 εἴργασται
1210 1065 1303 1147 ἀνήρ,

287 1157 340 1223 καί
363 1159 483 1233 αὐτοὺς
504 1157 650 1232 καὶτοὺς
666 1161 846 1232 νεωτάτους
861 1160 954 1242 ὑμῶν
967 1160 1158 1240 διαφθείρει,
1179 1160 1304 1244 τέμνων

285 1255 396 1320 τεκαὶ
424 1258 513 1321 κάών
540 1255 594 1321 καί
623 1256 794 1338 ἰσχναίνειν
822 1256 875 1320 καὶ
904 1259 1028 1340 πνίγών
1055 1259 1189 1338 ἀπορεῖν
1209 1266 1304 1339 ποιεῖ,
1324 1263 1388 1329 522

285 1355 464 1434 πικρότατα
491 1355 626 1436 πώματα
654 1353 764 1427 διδοὺς
789 1353 843 1416 καί
871 1365 986 1437 πεινῆν
1011 1356 1065 1420 καὶ
1086 1357 1186 1438 διψῆν
1207 1358 1302 1439 ἀναγ-

285 1454 407 1530 κάζιον,
428 1453 486 1534 οὐχ
507 1449 610 1531 ὥςπερ
637 1450 700 1532 ἐγώ
720 1450 823 1514 πολλὰ
849 1451 904 1515 καί
929 1451 1008 1535 ῆδία
1028 1453 1081 1517 καί
1109 1454 1302 1519 παντοδαπὰ

286 1552 434 1632 εὐώχουν
462 1550 573 1632 ὑμᾶς..
592 1549 623 1611 τί
650 1548 693 1611 ἀν
719 1549 778 1613 οίει
806 1549 842 1613 ἐν
862 1551 966 1634 τούτῳ
996 1554 1040 1636 τῷ
1068 1560 1156 1632 κακῷ
1184 1553 1301 1634 ἀποίη-

285 1647 416 1730 φθέντα
437 1644 548 1727 ίατρδν
561 1643 771 1728 ἕχεινείπεῖν,
792 1647 812 1728 ἢ
835 1648 862 1710 εί
881 1648 964 1712 είποι
985 1646 1045 1730 τὴν
1064 1649 1231 1733 ἀλήθειαν,
1253 1645 1302 1713 ὅτι

292 1750 403 1809 Ταῦτα
422 1746 528 1809 πάντσ
549 1742 610 1825 ἐγὼ
632 1742 774 1821 ἐποίουν,
796 1736 823 1808 ὦ
843 1746 969 1821 παῖδες,
991 1747 1156 1827 ὑγιεινῶς,
1178 1748 1301 1812 ὁπόσον

284 1845 345 1910 οίει
374 1843 416 1907 ἀν
444 1843 624 1926 ἀναβοῆσαι
652 1836 729 1917 τοὺς
755 1844 924 1918 τοιούτους
951 1844 1116 1921 δικαστάς,
1145 1846 1184 1909 οὐ
1204 1845 1285 1928 μέγα
1292 1873 1301 1922 3

283 2096 349 2130 sono
374 2078 408 2129 ad
424 2079 514 2143 Eurip.
532 2077 631 2128 Heeub.
650 2094 675 2143 p.
692 2075 751 2128 396.
773 2083 798 2128 et
815 2077 952 2131 Adversar.
976 2095 1000 2144 p.
1017 2077 1076 2130 218.
1111 2079 1196 2140 Quam
1213 2085 1301 2129 tumen

283 2150 438 2213 scripturam
457 2145 607 2197 confirmare
630 2145 733 2196 videtur
753 2145 823 2195 istud
841 2145 969 2207 πέμματα,
993 2152 1081 2211 utpote
1107 2147 1217 2196 fortasse
1239 2147 1300 2198 inde

282 2223 411 2267 exortum.
447 2214 580 2278 Quidquid
601 2215 638 2264 rei
656 2221 707 2276 eet,
725 2213 898 2264 Schneiderua
920 2213 1025 2278 quidem
1046 2215 1079 2265 ad
1097 2214 1233 2279 Rempubl.
1252 2216 1299 2263 ΠΙ.

282 2302 308 2349 p.
321 2282 380 2336 406.
392 2284 433 2344 A„
451 2283 496 2347 qui
512 2298 566 2332 rem
584 2282 616 2332 ad
632 2282 797 2332 librariorum
815 2289 841 2331 et
857 2280 1000 2331 scribarum
1010 2283 1182 2332 temeritatem
1193 2284 1299 2348 exigen-

284 2353 343 2403 dum
368 2359 395 2402 et
417 2350 581 2400 iudicandam
605 2356 707 2409 censet,
730 2351 882 2414 neutiquam
905 2350 1048 2400 audiendus
1065 2350 1174 2401 videtur.
1208 2352 1299 2415 Neque

283 2437 374 2470 rerum
396 2424 435 2469 eet
458 2418 526 2482 quod
549 2417 595 2468 ille
618 2419 721 2479 statuit,
745 2434 787 2468 me
811 2417 844 2467 ad
861 2417 999 2467 Philebum
1017 2419 1172 2469 vocabulum
1195 2419 1300 2479 ἔκπωμα

281 2493 419 2555 urgentem
442 2487 510 2536 nihil
535 2487 663 2547 effecisse,
688 2486 749 2550 quia
772 2487 882 2536 nimium
899 2487 1034 2540 effecerim
1068 2489 1136 2538 Nam
1154 2487 1177 2537 ei
1195 2487 1300 2546 ἔκπωμα

282 2573 374 2606 verum
398 2559 450 2618 eet,
473 2570 522 2605 nee
540 2551 608 2615 πόμα
626 2555 675 2604 erit
695 2553 873 2616 scribendum,
897 2554 942 2604 sed
959 2557 1045 2619 potine
1063 2560 1146 2614 πῶμα.
1180 2555 1231 2605 Sed
1249 2554 1299 2604 die-

282 2624 399 2690 reptavit
412 2638 541 2741 4c2a5uesum
558 2638 641 2688 nuper
664 2622 744 2672 iudex
765 2591 1177 2688 pruden’tissimus,1.obeokius‚
1201 2623 1299 2672 Parali-

280 2709 350 2758 P0m·
368 2708 393 2757 P·

300 2805 453 2927 ddidzffid
458 2803 561 2873 ατρδν
584 2807 690 2873 ἔχειν]
715 2802 761 2856 τδν
782 2807 918 2858 ΒώιΙιειιιε
940 2825 973 2857 ex
995 2808 1055 2859 Par.
1072 2808 1105 2859 V.
1127 2812 1187 2859 ante
1206 2801 1299 2873 ίατρδν

282 2893 298 2927 a
363 2894 373 2926 1

336 2973 352 3042 ἢ
370 2976 401 3028 εί
417 2976 520 3047 εἴποι]
547 2977 577 3026 V
597 2975 739 3038 eldeerat,
762 2977 902 3041 quodiam
920 2978 1007 3043 Steph.
1025 2977 1091 3026 vidit
1108 2978 1209 3028 restitui
1225 2994 1299 3043 opor·

285 3053 348 3097 tere.
381 3041 563 3096 llxhibuerunt
580 3044 657 3095 Vind.
675 3044 699 3096 6.
716 3061 767 3094 ree.
790 3052 816 3094 et
833 3047 891 3096 Par.
910 3046 940 3098 V.
976 3046 1006 3095 ln
1024 3046 1092 3112 Aug.
1110 3053 1136 3096 et
1152 3048 1256 3097 Meerm.
1273 3045 1301 3097 εί

282 3116 341 3191 sine
357 3108 373 3180 ἢ
389 3115 527 3216 εοιίριυιιι,
545 3112 615 3164 unde
632 3129 773 3179 cognoscas
791 3115 884 3163 erroris
901 3114 999 3164 iontem
1016 3120 1093 3179 atque
1110 3131 1238 3166 causeam.

280 3334 431 3398 loquentem
457 3347 570 3417 coquum
591 3332 693 3381 inducit
717 3332 763 3382 So-

280 3408 365 3452 crates
382 3396 527 3465 illudque’
512 3407 626 3463 απορεῖν
638 3406 708 3450 ποιει
721 3400 763 3450 εδ-

280 3468 414 3519 bibentem
442 3474 546 3534 propter
573 3484 653 3549 seqq.
669 3468 717 3517 illa
738 3484 763 3533 p.

280 3536 339 3589 522.
357 3538 394 3587 B:
418 3533 468 3586 ίάν
492 3535 517 3585 τέ
535 3540 572 3588 ιίε
589 3553 620 3597 με
638 3531 667 3620 ἢ
672 3534 763 3586 νεωτέ-

282 3623 347 3667 ρουε
381 3610 419 3670 φῆ
452 3599 667 3669 διαφθείρειν
652 3610 764 3668 απορεῖν

279 3677 449 3723 ποιοῦνται.
468 3690 488 3722 τ.
506 3675 527 3722 ί

313 3809 343 3858 Ρ.
361 3805 420 3858 522.
456 3803 765 3872 ον’χώεπερίγώ-

280 3872 435 3940 εὐώχουν
453 3872 514 3941 ἀμ]
549 3875 711 3925 structuram
733 3875 765 3923 il-

279 3943 404 3994 lustravit
430 3943 463 3994 ad
493 3942 518 3993 h.
542 3943 560 3992 l.
591 3943 763 3992 Heindorf.

280 4012 355 4062 Gens.
374 4017 462 4061 annot.
481 4010 514 4059 ad
532 4011 649 4074 Sympoe.
667 4027 691 4074 p.
706 4008 763 4060 179

278 4082 308 4130 Ε
327 4079 429 4144 Ibid.p
431 4076 514 4129 .189.
532 4078 561 4128 O.
580 4078 692 4128 Mattb.
719 4079 763 4128 Gr.

279 4148 358 4212 ampl.
378 4149 401 4208 §-
413 4095 477 4198 629.
494 4163 519 4212 p.
537 4143 604 4197 1281
623 4162 675 4210 eeq.

313 4281 351 4333 ἀν
371 4279 479 4346 τούτῳ
497 4287 538 4348 τῷ
561 4285 647 4346 κακῷ
665 4276 762 4348 circel]

278 4352 311 4401 Η.
327 4368 350 4401 e.
368 4349 405 4400 ad
423 4349 481 4399 hae
499 4349 680 4416 angustiae
697 4349 764 4398 red-

278 4426 402 4482 actum,
430 4419 481 4468 his
508 4418 606 4471 malie
628 4418 764 4468 eireum-

813 3337 915 3381 ventu
923 3348 956 3385 m.
978 3333 1045 3382 Nam
1062 3328 1299 3396 ἀπολαμβάνεσθαι

814 3401 961 3464 frequenter
978 3399 1097 3448 dicuntur
1114 3400 1141 3460 ii,
1159 3401 1205 3462 qui
1219 3400 1297 3448 inter·

816 3469 944 3532 cipiuntur
961 3472 987 3516 et
1004 3467 1079 3531 quasi
1095 3469 1165 3530 eapti
1177 3472 1297 3516 tenentur

815 3536 868 3600 aliq
868 3551 903 3584 ua
920 3552 954 3588 re.
973 3551 1000 3584 v.
1017 3535 1162 3584 Dorvill.
1181 3535 1214 3584 ad
1228 3535 1297 3584 Cha·

814 3553 868 3653 rit.q
878 3620 902 3667 p.
926 3601 984 3654 567.
1008 3601 1234 3652 Hemsterhue.
1262 3603 1295 3651 ad

816 3672 947 3734 Aristoph.
965 3671 1033 3721 Plut.
1051 3688 1075 3721 v.
1090 3669 1148 3722 935.
1165 3672 1296 3734 Etymo·

816 3739 876 3805 log.
887 3740 937 3789 Ma
942 3757 1004 3804 gm:
1016 3736 1221 3804 ’ἀπειλημμένον
1232 3754 1295 3788 συν-

815 3806 974 3872 ειλημμένοι,
994 3805 1231 3873 συγκεκλασμένοι,
1257 3823 1296 3856 κε-

815 3875 977 3940 κρατημὲνοι.

850 4009 897 4060 ἑπ.
931 4039 965 4047 -
999 4006 1171 4076 ἀγιεινώε]
1212 4007 1297 4059 vale·

816 4078 947 4127 tudinis
965 4092 1100 4140 caueae,
1117 4077 1231 4127 habita
1249 4092 1297 4126 aa·

815 4146 939 4195 nitatis
957 4147 1100 4198 ratione.

850 4275 978 4330 ὁπόσον
1001 4280 1067 4329 οἴει
1090 4275 1130 4328 ἀν
1153 4275 1296 4344 ἀναβοῆ-

818 4347 884 4414 σαι]
925 4349 987 4398 Fuit
1014 4349 1060 4412 qui
1087 4344 1173 4397 πόσον
1200 4347 1296 4396 mallet

815 4416 866 4468 Sed
883 4432 908 4466 v.
925 4416 959 4466 ad
975 4416 1131 4482 Euthydem.
1147 4430 1173 4481 p.
1190 4413 1249 4466 211.
1264 4417 1296 4468 Α.
