3242 5259
577 597 748 658 GORGIAS
768 599 801 658 P.
824 599 895 658 447.
917 600 961 657 ed.
983 598 1026 658 st.
1272 601 1312 658 te

289 762 399 844 dyopqt'
410 761 596 844 ἀναγκάσας
612 762 696 844 ἡμᾶς
712 763 766 826 δια
776 767 896 843 τρῖψαι.
920 767 1008 827 ΧΑΙ.
1018 762 1122 826 Οὐδὲν
1137 752 1315 844 numenei
1345 764 1374 829 Β

291 954 426 1019 insignem
444 959 471 1003 et
493 953 676 1018 conspicuum,
703 953 779 1004 multi
830 962 908 1020 atqua
925 956 1041 1021 privatae
1058 954 1209 1019 disciplina,
1230 969 1312 1018 eoque

290 1029 354 1071 sunt
364 1022 499 1084 aemulati,
514 1021 628 1086 adeoque
638 1024 694 1085 ipse
703 1022 778 1071 Plato

291 1088 446 1155 γοργιάζειν
459 1105 476 1138 a
493 1089 628 1139 nonnullis
649 1089 778 1139 iudicatus

293 1165 339 1206 est.
358 1159 538 1207 ullematr.
555 1155 684 1207 Phaler.
703 1155 779 1216 528.

292 1231 319 1274 et
341 1222 385 1274 29.
413 1226 554 1290 Dionys.
580 1223 651 1273 Hal.
681 1223 709 1274 ll.
739 1238 778 1273 cc.

293 1291 327 1341 al.
362 1292 424 1356 Ipse
441 1299 528 1342 autem
545 1291 648 1341 dicendi
665 1290 779 1357 discipli·

294 1375 355 1409 nam
373 1359 441 1410 tanti
458 1360 528 1422 fecit,
544 1365 574 1409 ut
591 1375 618 1409 se
636 1358 718 1408 nollet
739 1374 779 1409 sc·

292 1427 457 1491 phistae,setl
467 1430 551 1492 potius
558 1427 668 1476 rhetoris
675 1428 779 1477 nomine

294 1496 425 1560 insigniri,
443 1511 468 1543 v.
486 1495 567 1544 Plut.
588 1496 667 1560 Gorg.
683 1510 707 1559 p.
719 1491 778 1545 449.

295 1564 324 1612 A.
332 1563 392 1611 coll.
400 1562 458 1612 451.
467 1564 507 1624 D,
521 1578 674 1626 quamquam
684 1567 779 1612 utram·

296 1645 345 1694 que
364 1630 527 1694 disciplinam
540 1629 636 1694 ubique
650 1630 737 1680 iunxit
753 1636 780 1679 et

296 1699 467 1751 commiscuit.
485 1699 581 1748 Varum
594 1698 658 1747 satis
675 1697 779 1748 deGor·

294 1767 345 1828 gia,
364 1781 444 1830 quern
456 1767 518 1816 artis
530 1767 656 1816 oratoriae
666 1765 778 1816 novitiae

295 1833 503 1897 coniunctaeque
526 1848 584 1883 cum
604 1848 634 1883 ea
657 1833 719 1883 artis
742 1834 778 1883 ci·

294 1900 354 1949 vilis
384 1901 440 1950 siva
463 1900 587 1965 politicae
612 1899 681 1951 bello
704 1900 778 1951 Pelo·

294 1969 454 2032 pennesiaco
483 1975 617 2032 tamquam
645 1975 777 2033 parentam

292 2036 425 2086 exstitisse
448 2035 482 2086 ad
504 2035 629 2085 sermonis
647 2036 778 2087 Platonici

293 2103 457 2170 cognominis
479 2103 678 2170 intelligentiam
705 2110 778 2153 tanu-

294 2172 344 2221 isse
370 2186 512 2234 sanequam
535 2170 675 2235 plurimum
692 2172 777 2221 refert.

293 2239 356 2288 Alia
373 2238 405 2288 de
423 2240 479 2289 aius
496 2241 596 2289 ratione
612 2254 643 2288 ac
659 2239 777 2289 doctrina

292 2306 473 2371 philosophiae
496 2306 569 2356 nullo
592 2307 697 2373 negotio
725 2307 777 2370 peti

293 2379 417 2438 poterunt
444 2373 477 2423 ab
507 2374 676 2439 scriptoribus
698 2375 777 2425 histo-

294 2441 350 2491 riae
372 2441 562 2507 philosophiae.
580 2469 613 2479 -
631 2443 671 2491 De
687 2442 777 2504 Polo,

292 2508 776 2574 eiusdiscipulo,diximusint'reannot.

290 2592 313 2641 p.
332 2575 393 2628 448.
411 2578 443 2626 A.
465 2582 491 2626 et
508 2577 627 2643 Prolegg.
651 2577 713 2642 Gap.
732 2577 776 2627 IV.

292 2652 358 2694 extr.
375 2671 409 2682 -
427 2644 597 2695 Callicles
614 2645 673 2708 quis
690 2646 776 2707 firerit,

292 2711 325 2761 ab
343 2713 401 2777 ipso
418 2712 528 2762 Platone
546 2713 691 2764 edocemur.
716 2713 777 2762 Fuit

291 2780 362 2830 enim
379 2781 447 2829 civis
459 2780 636 2842 Atheniensis,
654 2780 699 2844 qui
711 2780 778 2830 inlra

290 2863 314 2912 p.
332 2845 394 2898 491).
413 2849 442 2897 Β.
464 2854 572 2898 vocatur
593 2847 777 2911 Acharneusia,

290 2915 368 2965 homo
385 2917 423 2965 rei
441 2915 561 2980 publicae
580 2914 716 2965 ambitiose
735 2931 777 2965 cu·

290 2983 376 3032 ricsus
416 2997 450 3032 ac
488 2983 603 3033 novitiae
636 2983 777 3035 rhetoricae

290 3051 391 3115 artique
402 3051 476 3100 civili
487 3050 642 3116 sophisticae
649 3051 777 3116 pravitate

291 3119 406 3169 infectae
423 3119 501 3184 plane
519 3117 622 3168 deditus
639 3125 717 3183 atque
734 3119 776 3168 de-

289 3187 433 3237 mocratiae
467 3185 634 3236 immoderate
673 3187 774 3237 favens.

290 3255 420 3316 Quocirca
452 3259 581 3304 contemta
617 3254 716 3304 iustitia
751 3260 777 3303 et

290 3322 426 3372 honestate
437 3336 555 3371 caussam
562 3321 617 3388 agit
624 3321 776 3386 disciplinae

290 3390 406 3439 novitiae
438 3388 547 3452 ideoque
571 3389 659 3439 omnia
685 3388 777 3438 tribuit

288 3458 396 3516 honori,
420 3457 582 3518 auctoritati,
599 3454 731 3521 potentiae
749 3457 776 3505 in

288 3523 425 3589 republica
449 3525 657 3589 consequendae,
688 3525 725 3574 ita
748 3530 777 3574 ut

289 3608 339 3642 nec
356 3594 572 3656 intemperantiae
595 3591 687 3642 laudes
704 3607 777 3656 prae·

289 3659 376 3710 dicare
405 3659 594 3709 verecundetur
628 3665 654 3709 at
686 3665 776 3724 poten-

287 3729 382 3778 tioram
400 3728 527 3792 imperare
544 3726 686 3778 secundum
703 3734 776 3778 natu·

288 3802 346 3845 rani
368 3796 466 3845 iustum
489 3810 546 3845 esse
569 3794 719 3845 contendat:
744 3794 776 3844 de

287 3863 386 3928 quibus
412 3861 579 3927 opinionibus
610 3863 692 3928 ipsius
720 3862 772 3915 vid.

286 3929 379 3996 paen.
397 3929 532 3981 u.-488.
543 3932 576 3980 D.
594 3937 621 3980 et
638 3945 664 3994 p.
675 3928 733 3980 491.
745 3930 774 3980 G.

284 3999 380 4064 Itaque
394 3997 462 4049 ridet
476 3999 553 4049 etiarn
562 3997 774 4063 pbilosophorum

286 4066 429 4116 stultitiam
447 4066 550 4116 scilicet
572 4071 599 4114 et
621 4065 774 4130 simplicita-

830 1026 935 1074 nomine
958 1040 1010 1074 una
1033 1040 1092 1074 cum
1117 1022 1176 1072 aliis
1194 1022 1313 1071 similiter

830 1091 1004 1142 sentientibus
1021 1092 1124 1158 egregie
1147 1105 1236 1155 sapere
1261 1090 1312 1139 sibi

830 1161 902 1208 visus
920 1166 967 1210 est.

868 1225 1005 1278 Τούτων
1021 1223 1140 1286 μέντοι
1158 1222 1200 1290 -]
1226 1223 1311 1274 lntcll.

831 1299 876 1342 τοῦ
898 1292 1008 1344 κατόπιν
1030 1292 1122 1357 ἑορτῆς
1147 1290 1226 1358 ἥκειν.
1261 1294 1311 1342 lta-

830 1377 880 1425 que
894 1362 1018 1413 Coraes
1036 1358 1128 1410 τούτου
1145 1360 1311 1409 scribendum

830 1431 983 1495 suspicatur.
1025 1429 1083 1490 Qua
1100 1429 1241 1477 mutatione
1258 1443 1311 1477 non

830 1512 902 1561 opus.
946 1498 1037 1547 Solent
1059 1496 1128 1546 enirn
1150 1496 1311 1560 pronomina,

829 1565 930 1614 etiamsi
948 1565 980 1614 de
997 1579 1051 1613 una
1067 1570 1168 1612 tantum
1183 1579 1210 1612 re
1228 1579 1311 1612 sermo

829 1633 876 1693 ait,
899 1634 926 1681 in
944 1648 1050 1682 numero
1066 1630 1164 1695 plurali
1180 1630 1311 1693 collocari,

829 1700 932 1764 siquid
953 1700 1040 1750 minus
1060 1698 1166 1748 definite
1182 1698 1312 1764 significa-

829 1773 883 1827 tur;
909 1784 934 1818 v.
952 1767 984 1817 ad
1002 1766 1112 1831 Apolog.
1131 1765 1203 1816 socr.
1226 1781 1250 1830 p.
1270 1766 1311 1817 19.

829 1836 862 1884 D.
881 1837 920 1884 De
937 1836 1001 1899 Rep.
1019 1835 1063 1884 VI.
1077 1849 1101 1898 p.
1112 1831 1213 1885 totu.
1229 1835 1311 1900 Legg.

829 1902 881 1964 llI,
908 1901 966 1954 689.
985 1903 1014 1951 Β.
1037 1902 1100 1963 Vll,
1123 1899 1182 1952 816.
1204 1901 1243 1962 lt,
1265 1903 1311 1951 ubi

829 1976 888 2034 post
905 1967 1003 2019 τούτων
1021 1969 1098 2019 ἕνεκα
1113 1965 1201 2018 αὐτῶν
1218 1967 1310 2018 deiude

830 2043 877 2087 τοῦ
899 2053 959 2087 cum
986 2036 1115 2086 infinitivo
1144 2035 1310 2085 subiunctum

829 2105 939 2170 legitur,
966 2106 1042 2154 sicuti
1071 2105 1140 2154 infra
1161 2104 1188 2152 in
1213 2104 1311 2168 Gorgia

828 2189 853 2237 p.
870 2171 929 2223 474.
952 2173 995 2233 E.,
1020 2186 1096 2236 quem
1119 2172 1205 2222 locum
1227 2187 1310 2235 nuper

829 2240 912 2290 critici
940 2242 1023 2291 eiecto
1058 2243 1104 2289 τοῦ
1129 2239 1309 2304 depravarunt.

829 2336 862 2344 -
884 2306 1103 2372 Chaerepbon
1134 2307 1309 2368 Atheniensis,

829 2375 930 2425 Socrati
956 2375 1020 2425 adeo
1049 2374 1165 2434 deditus,
1196 2381 1226 2423 ut
1253 2377 1310 2424 eius

828 2458 899 2492 more
910 2451 1043 2507 tamquam
1053 2457 1126 2491 sacro
1144 2442 1230 2491 furore
1247 2458 1310 2505 quc·

829 2510 887 2560 dam
906 2510 1012 2560 arderet.
1047 2510 1127 2559 Plura
1147 2509 1179 2557 de
1196 2525 1227 2559 eo
1244 2509 1310 2557 dixi-

828 2594 885 2628 mus
902 2578 935 2626 ad
948 2577 1058 2642 Apolog.
1069 2577 1167 2626 Socrat.
1185 2591 1209 2640 p.
1223 2574 1266 2626 20.
1278 2577 1308 2626 Ε.

861 2647 891 2695 Β.
913 2641 1026 2695 Οὐδὲν
1043 2643 1232 2710 upuppae-J
1251 2644 1309 2693 Das

829 2712 1095 2776 hatniclatsausapcu,
1116 2712 1165 2761 dae
1174 2711 1309 2761 latrabitis

829 2781 882 2845 aas
899 2779 959 2832 sict.
983 2796 1006 2828 v.
1025 2778 1170 2845 Eutbyphr.
1193 2794 1217 2843 p.
1235 2777 1260 2832 3.
1279 2780 1309 2830 Ο.

828 2848 909 2913 Legg.
917 2849 976 2897 VII.
1003 2845 1080 2898 ,194
1092 2847 1123 2896 E.
1140 2847 1309 2911 Aristopb.

827 2917 911 2966 Rann.
928 2932 954 2965 v.
971 2914 985 2965 1
1031 2914 1051 2964 ἰ
1069 2911 1120 2963 ἀλλ’
1140 2911 1223 2964 οὐδὲν
1240 2915 1309 2963 ἔσται

829 2989 941 3050 πρᾶγμα.
952 2983 1123 3047 Deproximis
1130 2989 1200 3032 recte
1208 2981 1309 3047 Olym-

828 3052 1002 3115 piodorus=
1020 3047 1035 3099 d
1055 3049 1205 3113 Χαιρεφῶν
1219 3066 1307 3114 φησιν.

829 3117 865 3168 ὅτι
893 3114 976 3168 οὐδὲν
995 3116 1120 3198 γέγονεν·
1143 3116 1194 3182 ἐγώ
1217 3117 1267 3182 γὰρ
1292 3113 1308 3165 ὁ

828 3187 910 3238 αἴτιος
937 3202 1081 3251 γενομενος
1111 3182 1224 3245 ἰάσομαι.
1269 3186 1309 3235 Ita

828 3254 898 3303 euim
916 3259 1031 3317 apparet,
1049 3268 1170 3316 quorsum
1184 3253 1250 3302 illud
1266 3255 1312 3302 καί

827 3320 989 3371 referendum
1014 3322 1055 3370 sit.
1103 3319 1233 3370 Videlicet
1258 3321 1308 3369 hoc

828 3388 892 3438 dicit
922 3386 1106 3453 Chaerepbou:
1142 3402 1212 3451 ego,
1250 3388 1309 3451 qui

827 3456 928 3506 huius
949 3456 1027 3506 mali
1048 3459 1162 3504 auctor
1181 3455 1307 3514 exstiti,

828 3540 921 3588 quum
934 3523 1063 3573 diutius
1081 3528 1111 3572 te
1125 3523 1157 3571 in
1173 3522 1242 3571 foro
1260 3521 1308 3571 de·

825 3593 997 3651 tinuerim,
1027 3590 1123 3640 etiam
1145 3590 1307 3640 resarcire

827 3659 974 3709 damnum
991 3657 1141 3709 studebo.
1164 3659 1253 3721 Pergit
1270 3659 1308 3707 in·

827 3733 925 3792 terprss
952 3729 1003 3776 ita:
1034 3724 1061 3774 ui
1089 3724 1140 3791 γὰρ
1168 3724 1227 3791 ἐγὼ
1255 3725 1306 3774 καὶ

828 3792 962 3854 ἰάσομαι
997 3796 1123 3856 παροιμία
1151 3792 1225 3842 ἐστὶν
1256 3789 1309 3842 ἀπὸ

827 3866 873 3910 τοῦ
895 3859 1015 3923 Tts'qov
1036 3863 1078 3910 nul
1098 3866 1143 3912 τοῦ
1161 3857 1309 3921 τρώσαντος

827 3925 907 3978 αὐτὸν
934 3927 1123 3992 Aptts'oswo
1140 3929 1182 3978 καὶ
1201 3927 1308 3988 ιάσαμέ·

829 4014 890 4055 voa,
920 3998 1044 4060 λεχθεῖσα
1068 3995 1105 4045 ὅτι
1135 3992 1149 4045 ὁ
1175 3993 1308 4059 τρώσας

827 4065 881 4114 καὶ
908 4062 1045 4113 ἰάσεται.
1092 4065 1132 4113 De
1161 4062 1255 4128 quibus
1282 4079 1308 4113 v.

826 4147 891 4196 quos
936 4131 1054 4181 laudavit
1092 4131 1185 4181 Hein
1201 4131 1308 4191 durs,

283 4142 346 4196 tem,
364 4135 409 4198 qui
427 4133 519 4183 virtuti
536 4138 562 4183 st
579 4148 608 4183 su
626 4134 722 4183 ientiae
746 4133 774 4181 in

284 4203 342 4252 vita
359 4201 435 4252 civili
452 4200 552 4265 aliquid
570 4148 694 4250 bilbant.
730 4201 775 4249 Ni·
825 4199 1053 4249 Hemsterbus.
1071 4198 1246 4248 adLucian.
1264 4199 1308 4247 Ni·

284 4270 380 4319 mirum
393 4283 500 4337 prorsus
515 4266 617 4317 imbibit
634 4268 709 4317 homo
722 4272 775 4316 tur·
825 4268 891 4332 grin.
910 4272 1016 4316 extrem.
1033 4271 1059 4313 et
1072 4265 1257 4315 Casaubou.
1275 4266 1308 4315 ad

283 4336 451 4401 pissimailla
464 4337 575 4398 decreta,
592 4334 687 4400 quibus
703 4333 775 4385 labe*
825 4335 930 4384 Sueten.
959 4332 1050 4382 Claud.
1073 4348 1094 4382 c.
1118 4331 1159 4382 43.
1209 4332 1307 4382 Eadem

281 4405 354 4457 facta
374 4411 415 4456 est
441 4405 513 4454 ritae
535 4402 656 4471 publicae
678 4403 775 4468 pariter
825 4402 893 4463 lere,
928 4416 994 4465 quae
1035 4399 1307 4466 olympiodorus,
