3242 5259
358 604 418 663 274
770 600 967 661 PLATONIS

359 767 469 841 ίκανός
496 767 645 847 γένωμαι.
674 764 754 847 ἀτὰρ
782 763 965 828 κινδυνεύει
993 761 1254 842 ἀναγκαιότατον
1283 755 1371 826 εἶναι.

360 864 461 939 οὕτως
481 865 508 926 εί
527 863 636 946 μέντοι
656 865 849 945 ποιήσομεν,
879 855 968 943 οἶμαι
995 855 1094 941 ἔγωγε
1114 867 1234 942 χρῆναι
1253 862 1372 934 πάντας

359 962 444 1043 ἡμᾶς
462 960 651 1041 φιλονείκως
672 957 752 1043 ἔχειν
772 960 853 1042 πρὸς
872 959 909 1022 τὸ
930 957 1048 1021 εἰδέναι
1065 956 1101 1019 τὸ
1123 957 1245 1037 ἀληθὲς
1260 959 1292 1021 τί
1313 956 1373 1021 ἐστι

360 1059 432 1138 περὶ
460 1048 506 1122 ὧν
532 1059 667 1139 λέγομεν
694 1056 749 1120 καὶ
775 1059 806 1120 τί
835 1055 973 1132 ψεῦδος·
1011 1055 1125 1118 κοινὸν
1152 1053 1217 1136 γὰρ
1246 1053 1373 1134 ἀγαθὸν

360 1156 460 1219 ἅπασι
488 1156 632 1237 φανερὸν
658 1153 809 1236 γενέσθαι
837 1147 925 1216 αὐτό.
947 1153 1042 1234 δίειμι
1061 1151 1121 1234 μὲν
1141 1145 1204 1215 οὖν
1224 1155 1271 1237 τῷ
1292 1152 1374 1234 λόγῳ

277 1262 339 1326 506
361 1252 422 1335 ἐγὼ
451 1255 493 1328 ὡς
524 1259 566 1316 ἀν
597 1275 652 1334 μοι
681 1253 762 1335 δοκῇ
798 1252 897 1335 ἔχειν·
927 1248 987 1341 ἐὰν
1012 1247 1046 1313 δέ
1072 1273 1118 1333 τῳ
1144 1250 1241 1331 ὑμῶν
1267 1246 1313 1331 μὴ
1338 1248 1374 1312 τὰ

361 1354 440 1415 ὄντα
461 1352 547 1415 δοκῶ
568 1350 737 1432 ὁμολογεῖν
758 1349 895 1431 ἐμαυτῷ,
925 1346 986 1430 χρὴ
1007 1349 1306 1430 ἀντιλαμβάνεσθαι
1325 1347 1374 1410 καλ

362 1447 504 1531 ἐλέγχειν.
534 1445 610 1511 οὐδὲ
636 1452 698 1530 γάρ
718 1471 769 1511 τοι
789 1446 889 1530 ἔγωγε
910 1447 1001 1521 εἰδὼς
1021 1446 1103 1528 λέγω
1124 1445 1265 1527 ἀλέγω,
1298 1446 1373 1510 ἀλλὰ

361 1549 442 1627 ζητῶ
462 1555 558 1627 κοινῇ
578 1539 652 1626 μεθ’
677 1547 784 1628 ὑμῶν,
816 1541 909 1623 dces,
939 1549 981 1607 ἀν
1009 1566 1040 1606 τι
1060 1543 1217 1626 φαίνηται
1236 1541 1340 1625 λέγων
1358 1544 1374 1607 ὁ

361 1644 571 1725 ἀμφιςβιγτων
592 1642 671 1724 ἐμοί,
694 1642 756 1724 ἐγὼ
777 1644 904 1723 πρῶτος
924 1643 1180 1724 συγχωρήσομαι.
1203 1639 1288 1724 λέγω
1308 1640 1373 1725 μέν·

360 1764 410 1804 τοι
430 1745 538 1816 ταῦτα,
550 1774 553 1785 s
567 1741 594 1803 el
614 1741 704 1806 δοκεῖ
721 1746 837 1824 χρῆναι
856 1740 1114 1822 διαπερανθῆναι
1132 1741 1192 1804 τὸν
1213 1741 1331 1820 λόγον·
1350 1739 1373 1801 εί

411 1925 442 1973 Ε.
468 1921 729 1989 ἀναγκαιότατον
746 1919 844 1974 εἶναι.
863 1920 968 1975 οὕτως
986 1921 1017 1972 εί
1033 1920 1158 1988 μέντοι]
1175 1923 1371 1973 Persumvimus

362 2008 431 2042 nune
457 1993 560 2043 tandem
585 1993 673 2042 locum
699 1992 908 2057 interpunctione
931 1997 990 2055 post
1012 1983 1082 2039 εἶναι
1104 1991 1188 2054 factu,
1218 1992 1371 2058 suffragante

362 2061 502 2125 Wegnem.
535 2060 614 2110 Editt.
640 2060 756 2124 reliquae
782 2074 873 2109 omnes
893 2058 971 2142 plene
992 2063 1052 2122 post
1074 2055 1158 2110 οὕτως
1180 2059 1370 2125 interpungunt

362 2129 452 2178 Astius
479 2129 545 2178 coni.
572 2125 639 2177 οὕτω
667 2134 759 2177 ποιεῖν.
799 2129 851 2177 Pro
873 2143 942 2175 ουτω
965 2127 1071 2175 Meerm.
1094 2124 1168 2176 Bodl.
1192 2125 1285 2186 τοῦτο,
1311 2126 1372 2177 unde

363 2196 529 2246 Heindorfiue
547 2198 615 2245 coni.
633 2188 662 2243 εί
663 2213 703 2244 ναι
721 2193 803 2244 τοῦτο.
823 2193 850 2243 el
866 2193 952 2255 μέντοι
970 2191 1037 2243 οὕτω
1057 2191 1210 2259 ποιήσομεν.

414 2261 540 2315 πάντας
566 2260 645 2329 ἡμᾶς
672 2260 887 2328 φιλονείκως]
918 2259 1001 2310 πάντα
1023 2275 1083 2311 cum
1107 2261 1197 2312 Olurlr.
1222 2262 1283 2311 vat.
1301 2260 1372 2312 eoin

363 2332 429 2381 Ven.
447 2332 477 2380 Σ.
494 2332 612 2396 plerique
629 2346 728 2381 omues.

397 2398 503 2452 Reos.
540 2402 698 2462 φαίνηται
720 2395 754 2447 λς’

758 2415 825 2460 γον
847 2393 863 2446 ὁ
889 2393 979 2462 ἀμφ]
1004 2395 1091 2463 Vulgo
1115 2391 1131 2446 e‘
1153 2395 1240 2464 λέγων
1262 2392 1371 2461 decerpi„

366 2581 845 2650 τοῦἘπιχ.γε’ν.]Οωαιείρωνείᾳ
929 2582 961 2630 Ε.
996 2576 1189 2646 ἀναγκαιόα
1212 2574 1371 2631 εἶναιοῦ-

364 2652 475 2716 quedam
507 2652 558 2702 hoc
589 2653 621 2701 eb
652 2651 758 2700 Socrate
793 2650 845 2699 dici
897 2648 971 2715 τως]
994 2647 1149 2712 Interpunxi
1165 2663 1239 2698 nunc
1256 2654 1317 2698 ente
1333 2645 1371 2697 ωλ-

365 2720 508 2783 putandum
536 2724 587 2768 est:
632 2718 776 2768 Scilicet·
811 2723 868 2773 ut,
898 2733 961 2773 τως,
990 2732 1070 2780 quum
1099 2717 1180 2782 vulgo
1208 2721 1270 2780 poet
1297 2713 1371 2765 οὗτος

365 2787 448 2835 mihi
471 2786 559 2835 illud
581 2786 776 2850 Epicharmi
799 2799 846 2835 ac·
897 2782 1372 2849 punctnmessetilletum.1tsomnie

367 2852 509 2902 eldat—l
527 2853 616 2918 Lysid.
634 2870 659 2917 p.
676 2852 734 2906 211.
752 2855 786 2903 B:
805 2849 847 2903 διὰ
897 2851 1001 2902 sublate
1018 2857 1058 2902 est
1072 2851 1126 2903 loci
1142 2850 1293 2902 difficultas
1323 2851 1372 2900 Hoc

368 2917 446 2969 ταῦτα’
469 2939 505 2969 τοι
529 2921 571 2969 καλ
595 2919 724 2984 βούλομαί
747 2937 776 2970 σε
799 2916 845 2969 ad·
898 2921 967 2969 enim
998 2919 1060 2969 dicit
1087 2919 1222 2970 Socrates:
1258 2920 1372 2970 Verun

368 2993 403 3052 τῷ
420 2986 592 3052 διαλέγεσθαι.
610 2985 675 3044 Ἵνα,
693 2979 727 3053 ἦν
745 2984 767 3037 δ’
787 2985 847 3054 ἐγώ,
897 2993 1007 3037 temen
1057 2987 1196 3037 ridetur
1242 2987 1372 3036 maxime

367 3052 550 3117 καταγέλαστος
577 3052 699 3120 γένωμαι.
737 3056 847 3121 Apolog.
898 3055 1295 3106 essenecesseriumlts
1307 3068 1374 3104 vere

369 3124 468 3172 Socrui.
483 3139 509 3187 p.
526 3120 567 3172 22.
584 3125 624 3172 A:
642 3118 727 3186 ὥςπερ
747 3120 847 3175 πόνους
899 3124 927 3172 si
948 3122 1111 3174 faciemus
1136 3124 1183 3188 (ut
1205 3138 1270 3188 ego
1292 3121 1375 3173 solue

369 3186 847 3252 τινὰςκονοῦντος,ίναμοικαλάνέ-
899 3189 1090 3241 disserendi
1130 3194 1244 3254 partes
1286 3189 1376 3240 susti·

368 3259 471 3323 λεγκτος
489 3254 505 3324 ἡ
522 3261 629 3319 μαντεία
645 3257 753 3325 γένοιτο.
787 3259 848 3309 Gor·
900 3259 1017 3322 neem),
1040 3273 1096 3308 vos
1117 3257 1277 3322 reliquos
1293 3272 1376 3323 opor·

368 3327 455 3391 rigens
472 3334 559 3376 eutem
585 3327 677 3377 deinde
695 3328 848 3376 sententiam
899 3331 948 3376 tet
970 3325 1143 3376 attondere
1165 3331 1217 3375 etc.
1251 3327 1288 3376 Et
1308 3324 1376 3375 video

369 3410 442 3444 suem
459 3396 496 3443 ita
513 3396 597 3460 pergit
613 3396 698 3458 loqui:
723 3393 784 3444 Sed
801 3396 849 3444 ite
899 3410 971 3444 nunc
994 3394 1073 3444 etism
1094 3391 1307 3458 Sybrendum
1327 3408 1376 3443 este

370 3461 559 3512 faciendum
576 3464 691 3527 utique
708 3462 849 3511 videtur.
900 3463 1026 3513 rationem
1049 3461 1283 3512 commendavisse.
1322 3462 1377 3512 llox

370 3529 446 3592 Quod
473 3531 553 3595 vulgo
580 3531 715 3596 legebatur
731 3527 787 3580 Ἵνα
816 3525 850 3595 μὴ
900 3530 970 3595 qnod
987 3525 1126 3594 τόἀληθίς
1143 3535 1170 3579 et
1188 3527 1291 3592 φοῦδος
1307 3542 1379 3594 oppo-

371 3597 397 3646 τὸ
415 3603 461 3647 τοῦ
476 3595 545 3657 Ἔτι,
569 3599 595 3647 id
618 3599 708 3648 merito
731 3597 851 3662 repudie-
901 3603 1006 3660 nuntur,
1028 3598 1138 3661 nequis
1156 3595 1257 3659 ψευδές
1274 3597 1379 3648 scribon

369 3666 642 3728 vitButtmannus,
656 3672 685 3714 ut
696 3665 850 3730 quodetiam
902 3666 963 3715 dum
980 3666 1106 3730 opinetur,
1123 3679 1208 3730 peuce
1224 3663 1259 3713 de
1276 3665 1326 3714 boc
1341 3678 1380 3729 ge·

369 3734 456 3782 minus
487 3738 576 3796 aptum
602 3733 733 3783 videretur
765 3734 851 3783 verbis
901 3749 963 3783 nere
986 3733 1139 3783 dictasunt
1161 3732 1196 3781 ed
1214 3733 1324 3797 Apolog.
1339 3731 1380 3781 Sc

370 3817 440 3865 seqq.
468 3798 559 3852 ἱκανὸς
581 3799 701 3863 γένωμαι.
735 3802 851 3866 Respici·
902 3807 966 3852 crat.
982 3817 1008 3866 p.
1025 3797 1109 3851 een
1132 3798 1236 3849 Phileb.
1253 3816 1280 3865 p.
1296 3797 1337 3850 37.
1353 3799 1379 3848 Β.

370 3873 412 3917 tur
429 3875 515 3918 eutem
533 3867 681 3918 adversum
697 3869 852 3931 Epicher-
902 3870 958 3920 Nec
968 3884 1030 3918 vero
1042 3868 1179 3932 quisquam
1189 3882 1253 3917 cum
1264 3867 1380 3919 (lebete

371 3937 411 3985 mi
430 3951 470 4000 ap.
489 3936 606 3984 Athen.
625 3937 817 4000 Deipnos.VlI.
829 3953 851 3986 c.
903 3932 1197 4001 Now.1.00tt.p.691
1217 3951 1291 4000 seqq.
1314 3935 1381 3996 φιλο-

372 4003 421 4065 16.,
443 4004 488 4054 ubi
505 4003 627 4069 leguntur
643 4004 721 4052 haec:
746 4000 797 4068 ἐγώ
821 4002 852 4055 δὲ
904 4008 983 4056 νίκας
1007 4003 1132 4068 requiret,
1160 4004 1219 4054 viro
1246 4003 1324 4053 docte
1347 4016 1382 4052 ee

372 4067 433 4120 κατὰ
451 4067 498 4120 τὸν
516 4071 602 4134 σοφὸν
619 4068 786 4135 Ἐπίχαρμον,
803 4089 851 4136 μη·
903 4073 1029 4134 sentiens,
1058 4068 1214 4133 φιλόνεικος,
1241 4071 1382 4134 φιλονεικία

375 4139 422 4188 div
447 4136 660 4202 ἀποκριναμένου
688 4144 734 4189 τοῦ
761 4137 850 4192 κυνός
903 4147 930 4190 et
965 4141 1126 4202 φιλονεικεῖν
1163 4153 1222 4188 esse
1257 4136 1383 4189 vocabule

372 4202 430 4263 „Te
448 4205 499 4269 πρὸ
517 4207 563 4256 τοῦ
581 4205 619 4257 δύ’
639 4205 734 4272 ἄνδρες
753 4209 851 4272 ἔλεγον,
903 4208 981 4272 nihili
1002 4207 1117 4271 putenti,
1144 4221 1212 4270 quoe
1238 4205 1336 4270 ubique
1356 4205 1381 4252 iu

373 4268 412 4325 είς
431 4271 498 4338 ἐγών
508 4272 649 4339 ἀκοχρέω”,
668 4293 744 4340 quem
756 4278 783 4325 in
796 4292 852 4341 pro·
906 4274 1052 4338 φιλόνικος,
1082 4275 1222 4336 φιλονικία,
1251 4275 1382 4337 φιλονικᾶν

372 4340 489 4390 verbium
511 4345 607 4393 abiisse
628 4344 715 4393 docuit
736 4343 774 4393 ibi
796 4345 852 4394 Ge·
903 4343 1028 4393 mutanda
1061 4343 1122 4391 sint.
1172 4342 1242 4392 Nem
1276 4341 1381 4406 primum

374 4411 463 4457 saub.
903 4411 1008 4477 quidem
1030 4416 1139 4473 utreque
1160 4409 1189 4458 vi
1212 4415 1240 4458 et
1263 4413 1382 4473 potestate
