<?xml version="1.0" encoding="UTF-8"?>
<!DOCTYPE html PUBLIC "-//W3C//DTD XHTML 1.0 Transitional//EN"
    "http://www.w3.org/TR/xhtml1/DTD/xhtml1-transitional.dtd">
<html xmlns="http://www.w3.org/1999/xhtml" xml:lang="en" lang="en">
 <head>
  <title>
</title>
<meta http-equiv="Content-Type" content="text/html;charset=utf-8" />
  <meta name='ocr-system' content='tesseract 3.04.00' />
  <meta name='ocr-capabilities' content='ocr_page ocr_carea ocr_par ocr_line ocrx_word'/>
</head>
<body>
  <div class='ocr_page' id='page_1' title='image "./platonisgorgias02platgoog_0361.png"; bbox 0 0 3242 5259; ppageno 0'>
   <div class='ocr_carea' id='block_1_1' title="bbox 372 597 432 653">
    <p class='ocr_par' dir='ltr' id='par_1_1' title="bbox 372 597 432 653">
     <span class='ocr_line' id='line_1_1' title="bbox 372 597 432 653; baseline -0.017 0"><span class='ocrx_word' id='word_1_1' title='bbox 372 597 432 653; x_wconf 88' lang='grc'><strong>318</strong></span> 
     </span>
    </p>
   </div>
   <div class='ocr_carea' id='block_1_2' title="bbox 787 593 983 654">
    <p class='ocr_par' dir='ltr' id='par_1_2' title="bbox 787 593 983 654">
     <span class='ocr_line' id='line_1_2' title="bbox 787 593 983 654; baseline -0.01 0"><span class='ocrx_word' id='word_1_2' title='bbox 787 593 983 654; x_wconf 82' lang='lat' dir='ltr'>PLATONIS</span> 
     </span>
    </p>
   </div>
   <div class='ocr_carea' id='block_1_3' title="bbox 314 749 1389 2024">
    <p class='ocr_par' dir='ltr' id='par_1_3' title="bbox 314 749 1389 1617">
     <span class='ocr_line' id='line_1_3' title="bbox 370 749 1387 840; baseline -0.002 -20"><span class='ocrx_word' id='word_1_3' title='bbox 370 758 461 831; x_wconf 87' lang='grc' dir='ltr'><strong><em>λάκις</em></strong></span> <span class='ocrx_word' id='word_1_4' title='bbox 480 765 695 840; x_wconf 85' lang='grc' dir='ltr'><strong><em>κατηγοροῦσι</em></strong></span> <span class='ocrx_word' id='word_1_5' title='bbox 714 760 780 820; x_wconf 86' lang='grc' dir='ltr'><strong>τών</strong></span> <span class='ocrx_word' id='word_1_6' title='bbox 800 760 967 839; x_wconf 86' lang='grc' dir='ltr'><strong><em>μαθητών,</em></strong></span> <span class='ocrx_word' id='word_1_7' title='bbox 992 756 1036 830; x_wconf 87' lang='grc' dir='ltr'><strong>ώς</strong></span> <span class='ocrx_word' id='word_1_8' title='bbox 1056 750 1205 819; x_wconf 85' lang='grc' dir='ltr'><strong><em>ἀδικοῦσι</em></strong></span> <span class='ocrx_word' id='word_1_9' title='bbox 1225 765 1314 835; x_wconf 76' lang='grc' dir='ltr'><strong><em>σφοῖς</em></strong></span> <span class='ocrx_word' id='word_1_10' title='bbox 1334 749 1387 818; x_wconf 79' lang='grc' dir='ltr'><strong><em>αὐ-</em></strong></span> 
     </span>
     <span class='ocr_line' id='line_1_4' title="bbox 371 847 1388 936; baseline -0.001 -19"><span class='ocrx_word' id='word_1_11' title='bbox 371 853 448 930; x_wconf 80' lang='grc' dir='ltr'><strong><em>τοὺς</em></strong></span> <span class='ocrx_word' id='word_1_12' title='bbox 472 855 549 928; x_wconf 86' lang='grc' dir='ltr'><strong><em>τούς</em></strong></span> <span class='ocrx_word' id='word_1_13' title='bbox 576 876 610 917; x_wconf 90' lang='grc' dir='ltr'><strong>τε</strong></span> <span class='ocrx_word' id='word_1_14' title='bbox 637 854 776 936; x_wconf 77' lang='grc' dir='ltr'><strong><em>μισθοὺς</em></strong></span> <span class='ocrx_word' id='word_1_15' title='bbox 805 847 1058 934; x_wconf 78' lang='grc' dir='ltr'><strong><em>ἀποστεροῦντες</em></strong></span> <span class='ocrx_word' id='word_1_16' title='bbox 1085 853 1139 917; x_wconf 84' lang='grc' dir='ltr'><strong><em>καὶ</em></strong></span> <span class='ocrx_word' id='word_1_17' title='bbox 1165 857 1268 936; x_wconf 91' lang='grc' dir='ltr'><strong><em>ἀλλην</em></strong></span> <span class='ocrx_word' id='word_1_18' title='bbox 1294 854 1388 936; x_wconf 79' lang='grc' dir='ltr'><strong><em>γάριν</em></strong></span> 
     </span>
     <span class='ocr_line' id='line_1_5' title="bbox 372 945 1388 1029; baseline 0.001 -13"><span class='ocrx_word' id='word_1_19' title='bbox 372 947 434 1017; x_wconf 82' lang='grc' dir='ltr'><strong>οὐκ</strong></span> <span class='ocrx_word' id='word_1_20' title='bbox 461 945 687 1029; x_wconf 88' lang='grc' dir='ltr'><strong><em>ἀποδιδόντες,</em></strong></span> <span class='ocrx_word' id='word_1_21' title='bbox 716 946 751 1015; x_wconf 84' lang='grc' dir='ltr'><strong>εὖ</strong></span> <span class='ocrx_word' id='word_1_22' title='bbox 780 952 943 1026; x_wconf 85' lang='grc' dir='ltr'><strong><em>παθόντες</em></strong></span> <span class='ocrx_word' id='word_1_23' title='bbox 970 951 1024 1015; x_wconf 83' lang='grc' dir='ltr'><strong><em>ὑπ’</em></strong></span> <span class='ocrx_word' id='word_1_24' title='bbox 1054 945 1172 1014; x_wconf 76' lang='grc' dir='ltr'><strong><em>αὐτῶν.</em></strong></span> <span class='ocrx_word' id='word_1_25' title='bbox 1194 950 1249 1014; x_wconf 85' lang='grc' dir='ltr'><strong><em>καλ</em></strong></span> <span class='ocrx_word' id='word_1_26' title='bbox 1269 953 1388 1017; x_wconf 80' lang='grc' dir='ltr'><strong><em>τούτου</em></strong></span> 
     </span>
     <span class='ocr_line' id='line_1_6' title="bbox 314 1042 1389 1132; baseline 0 -19"><span class='ocrx_word' id='word_1_27' title='bbox 314 1049 346 1113; x_wconf 92' lang='grc' dir='ltr'><strong>Ι)</strong></span> <span class='ocrx_word' id='word_1_28' title='bbox 368 1057 428 1115; x_wconf 84' lang='grc' dir='ltr'><strong><em>τοῦ</em></strong></span> <span class='ocrx_word' id='word_1_29' title='bbox 455 1052 556 1132; x_wconf 89' lang='grc' dir='ltr'><strong><em>λόγον</em></strong></span> <span class='ocrx_word' id='word_1_30' title='bbox 584 1051 614 1114; x_wconf 91' lang='grc' dir='ltr'><strong><em>τί</em></strong></span> <span class='ocrx_word' id='word_1_31' title='bbox 643 1050 684 1113; x_wconf 88' lang='grc' dir='ltr'><strong>διν</strong></span> <span class='ocrx_word' id='word_1_32' title='bbox 714 1046 918 1131; x_wconf 77' lang='grc' dir='ltr'><strong><em>ἀλογώτερον</em></strong></span> <span class='ocrx_word' id='word_1_33' title='bbox 939 1049 988 1131; x_wconf 84' lang='grc' dir='ltr'><strong>εἴη</strong></span> <span class='ocrx_word' id='word_1_34' title='bbox 1008 1059 1157 1131; x_wconf 79' lang='grc' dir='ltr'><strong><em>πρᾶγμα,</em></strong></span> <span class='ocrx_word' id='word_1_35' title='bbox 1187 1042 1389 1128; x_wconf 77' lang='grc' dir='ltr'><strong><em>ἀνθρώπους</em></strong></span> 
     </span>
     <span class='ocr_line' id='line_1_7' title="bbox 371 1144 1388 1230; baseline -0.002 -18"><span class='ocrx_word' id='word_1_36' title='bbox 371 1144 517 1230; x_wconf 77' lang='grc' dir='ltr'><strong><em>ἀγαθοὺς</em></strong></span> <span class='ocrx_word' id='word_1_37' title='bbox 551 1148 604 1212; x_wconf 83' lang='grc' dir='ltr'><strong><em>καί</em></strong></span> <span class='ocrx_word' id='word_1_38' title='bbox 639 1148 784 1221; x_wconf 80' lang='grc' dir='ltr'><strong><em>δικαίους</em></strong></span> <span class='ocrx_word' id='word_1_39' title='bbox 817 1145 1031 1230; x_wconf 88' lang='grc' dir='ltr'><strong><em>γενομένους,</em></strong></span> <span class='ocrx_word' id='word_1_40' title='bbox 1074 1145 1296 1226; x_wconf 69' lang='grc' dir='ltr'><strong><em>ἐξαιρεθέντος</em></strong></span> <span class='ocrx_word' id='word_1_41' title='bbox 1330 1146 1388 1230; x_wconf 80' lang='grc' dir='ltr'><strong><em>μέν</em></strong></span> 
     </span>
     <span class='ocr_line' id='line_1_8' title="bbox 371 1239 1386 1327; baseline -0.001 -17"><span class='ocrx_word' id='word_1_42' title='bbox 371 1239 500 1310; x_wconf 90' lang='grc' dir='ltr'><strong><em>ἀδικίαν</em></strong></span> <span class='ocrx_word' id='word_1_43' title='bbox 526 1246 591 1310; x_wconf 80' lang='grc' dir='ltr'><strong><em>ὑπὸ</em></strong></span> <span class='ocrx_word' id='word_1_44' title='bbox 621 1257 681 1310; x_wconf 81' lang='grc' dir='ltr'><strong><em>τοῦ</em></strong></span> <span class='ocrx_word' id='word_1_45' title='bbox 708 1246 920 1321; x_wconf 84' lang='grc' dir='ltr'><strong><em>διδασκάλου,</em></strong></span> <span class='ocrx_word' id='word_1_46' title='bbox 949 1246 1083 1326; x_wconf 83' lang='grc' dir='ltr'><strong><em>σχόντας</em></strong></span> <span class='ocrx_word' id='word_1_47' title='bbox 1112 1244 1146 1307; x_wconf 84' lang='grc' dir='ltr'><strong>δέ</strong></span> <span class='ocrx_word' id='word_1_48' title='bbox 1167 1245 1386 1327; x_wconf 85' lang='grc' dir='ltr'><strong><em>δικαιοσύνην,</em></strong></span> 
     </span>
     <span class='ocr_line' id='line_1_9' title="bbox 370 1337 1387 1430; baseline 0 -22"><span class='ocrx_word' id='word_1_49' title='bbox 370 1339 493 1408; x_wconf 82' lang='grc' dir='ltr'><strong><em>ἀδικεῖν</em></strong></span> <span class='ocrx_word' id='word_1_50' title='bbox 512 1345 634 1430; x_wconf 83' lang='grc' dir='ltr'><strong><em>τούτῳ,</em></strong></span> <span class='ocrx_word' id='word_1_51' title='bbox 664 1340 682 1407; x_wconf 89' lang='grc' dir='ltr'><strong><em>ὃ</em></strong></span> <span class='ocrx_word' id='word_1_52' title='bbox 705 1337 766 1408; x_wconf 81' lang='grc' dir='ltr'><strong>οὐκ</strong></span> <span class='ocrx_word' id='word_1_53' title='bbox 787 1340 932 1425; x_wconf 79' lang='grc' dir='ltr'><strong><em>έ’χουοιν;</em></strong></span> <span class='ocrx_word' id='word_1_54' title='bbox 954 1345 995 1406; x_wconf 85' lang='grc' dir='ltr'><strong>οὐ</strong></span> <span class='ocrx_word' id='word_1_55' title='bbox 1015 1343 1106 1406; x_wconf 87' lang='grc' dir='ltr'><strong><em>δοκεῖ</em></strong></span> <span class='ocrx_word' id='word_1_56' title='bbox 1124 1360 1176 1406; x_wconf 84' lang='grc' dir='ltr'><strong><em>σοι</em></strong></span> <span class='ocrx_word' id='word_1_57' title='bbox 1196 1353 1295 1407; x_wconf 83' lang='grc' dir='ltr'><strong><em>τοῦτο</em></strong></span> <span class='ocrx_word' id='word_1_58' title='bbox 1316 1348 1387 1408; x_wconf 83' lang='grc' dir='ltr'><strong><em>ἀτο-</em></strong></span> 
     </span>
     <span class='ocr_line' id='line_1_10' title="bbox 370 1433 1387 1532; baseline -0.001 -24"><span class='ocrx_word' id='word_1_59' title='bbox 370 1465 434 1509; x_wconf 91' lang='grc' dir='ltr'><strong>πον</strong></span> <span class='ocrx_word' id='word_1_60' title='bbox 452 1437 545 1520; x_wconf 82' lang='grc' dir='ltr'><strong><em>εἶναι,</em></strong></span> <span class='ocrx_word' id='word_1_61' title='bbox 569 1435 594 1505; x_wconf 84' lang='grc' dir='ltr'><strong><em>ὦ</em></strong></span> <span class='ocrx_word' id='word_1_62' title='bbox 613 1441 733 1532; x_wconf 70' lang='grc' dir='ltr'><strong><em>έταῖρες</em></strong></span> <span class='ocrx_word' id='word_1_63' title='bbox 750 1433 808 1516; x_wconf 66' lang='lat' dir='ltr'><strong>sag</strong></span> <span class='ocrx_word' id='word_1_64' title='bbox 826 1435 956 1524; x_wconf 80' lang='grc' dir='ltr'><strong><em>ἀληθῶς</em></strong></span> <span class='ocrx_word' id='word_1_65' title='bbox 975 1441 1170 1522; x_wconf 81' lang='grc' dir='ltr'><strong><em>δημηγορεῖν</em></strong></span> <span class='ocrx_word' id='word_1_66' title='bbox 1190 1464 1229 1523; x_wconf 89' lang='grc' dir='ltr'><strong>με</strong></span> <span class='ocrx_word' id='word_1_67' title='bbox 1249 1443 1387 1525; x_wconf 90' lang='grc' dir='ltr'><strong><em>ηνάγκα-</em></strong></span> 
     </span>
     <span class='ocr_line' id='line_1_11' title="bbox 370 1531 1193 1619; baseline -0.004 -14"><span class='ocrx_word' id='word_1_68' title='bbox 370 1557 439 1617; x_wconf 84' lang='grc' dir='ltr'><strong><em>σας,</em></strong></span> <span class='ocrx_word' id='word_1_69' title='bbox 462 1543 487 1604; x_wconf 85' lang='grc' dir='ltr'><strong><em>ὼ</em></strong></span> <span class='ocrx_word' id='word_1_70' title='bbox 510 1540 707 1616; x_wconf 72' lang='grc' dir='ltr'><strong><em>Καλλίκλεις,</em></strong></span> <span class='ocrx_word' id='word_1_71' title='bbox 728 1531 789 1602; x_wconf 82' lang='grc' dir='ltr'><strong>οὐκ</strong></span> <span class='ocrx_word' id='word_1_72' title='bbox 810 1535 933 1602; x_wconf 78' lang='grc' dir='ltr'><strong><em>ἐθέλων</em></strong></span> <span class='ocrx_word' id='word_1_73' title='bbox 953 1533 1193 1619; x_wconf 83' lang='grc' dir='ltr'><strong><em>ἀποκρίνεσθαι.</em></strong></span> 
     </span>
    </p>

    <p class='ocr_par' dir='ltr' id='par_1_4' title="bbox 319 1630 1389 2018">
     <span class='ocr_line' id='line_1_12' title="bbox 436 1630 1388 1730; baseline -0.007 -23"><span class='ocrx_word' id='word_1_74' title='bbox 436 1639 516 1730; x_wconf 81' lang='lat' dir='ltr'><strong>Gap.</strong></span> <span class='ocrx_word' id='word_1_75' title='bbox 538 1639 679 1706; x_wconf 84' lang='lat' dir='ltr'>LXXV.</span> <span class='ocrx_word' id='word_1_76' title='bbox 733 1640 837 1700; x_wconf 84' lang='grc' dir='ltr'><strong>ΚΑΛ.</strong></span> <span class='ocrx_word' id='word_1_77' title='bbox 876 1637 928 1700; x_wconf 78' lang='grc' dir='ltr'><strong>Συ</strong></span> <span class='ocrx_word' id='word_1_78' title='bbox 956 1637 985 1700; x_wconf 81' lang='grc' dir='ltr'><strong>δ’</strong></span> <span class='ocrx_word' id='word_1_79' title='bbox 1013 1630 1075 1701; x_wconf 79' lang='grc' dir='ltr'><strong>οὐκ</strong></span> <span class='ocrx_word' id='word_1_80' title='bbox 1104 1637 1146 1701; x_wconf 85' lang='grc' dir='ltr'><strong>ἀν</strong></span> <span class='ocrx_word' id='word_1_81' title='bbox 1174 1631 1299 1712; x_wconf 83' lang='grc' dir='ltr'><strong><em>οἶός’</em></strong></span> <span class='ocrx_word' id='word_1_82' title='bbox 1272 1660 1290 1700; x_wconf 90' lang='grc' dir='ltr'><strong><em>τ</em></strong></span> <span class='ocrx_word' id='word_1_83' title='bbox 1326 1638 1388 1720; x_wconf 83' lang='grc' dir='ltr'><strong><em>εἴης</em></strong></span> 
     </span>
     <span class='ocr_line' id='line_1_13' title="bbox 369 1733 1388 1824; baseline -0.002 -20"><span class='ocrx_word' id='word_1_84' title='bbox 369 1738 481 1824; x_wconf 87' lang='grc' dir='ltr'><strong><em>λέγειν,</em></strong></span> <span class='ocrx_word' id='word_1_85' title='bbox 514 1741 540 1804; x_wconf 91' lang='grc' dir='ltr'><strong>εί</strong></span> <span class='ocrx_word' id='word_1_86' title='bbox 560 1742 603 1822; x_wconf 85' lang='grc' dir='ltr'><strong>μή</strong></span> <span class='ocrx_word' id='word_1_87' title='bbox 624 1741 673 1814; x_wconf 92' lang='grc' dir='ltr'><strong><em>τίς</em></strong></span> <span class='ocrx_word' id='word_1_88' title='bbox 692 1754 744 1803; x_wconf 83' lang='grc' dir='ltr'><strong><em>σοι</em></strong></span> <span class='ocrx_word' id='word_1_89' title='bbox 764 1736 993 1819; x_wconf 71' lang='grc' dir='ltr'><strong><em>ἀνακρίνοντας</em></strong></span> <span class='ocrx_word' id='word_1_90' title='bbox 1024 1740 1101 1801; x_wconf 65' lang='lat' dir='ltr'><strong>&gt;sse</strong></span> <span class='ocrx_word' id='word_1_91' title='bbox 1114 1733 1230 1802; x_wconf 85' lang='grc' dir='ltr'><strong><em>Ἕοικά</em></strong></span> <span class='ocrx_word' id='word_1_92' title='bbox 1250 1761 1305 1821; x_wconf 85' lang='grc' dir='ltr'><strong>γε·</strong></span> <span class='ocrx_word' id='word_1_93' title='bbox 1327 1749 1388 1802; x_wconf 87' lang='grc' dir='ltr'><strong>νῦν</strong></span> 
     </span>
     <span class='ocr_line' id='line_1_14' title="bbox 319 1831 1387 1921; baseline -0.003 -18"><span class='ocrx_word' id='word_1_94' title='bbox 319 1845 348 1910; x_wconf 82' lang='lat' dir='ltr'>E</span> <span class='ocrx_word' id='word_1_95' title='bbox 370 1849 454 1921; x_wconf 85' lang='grc' dir='ltr'><strong><em>γοῦν</em></strong></span> <span class='ocrx_word' id='word_1_96' title='bbox 474 1837 613 1921; x_wconf 77' lang='grc' dir='ltr'><strong><em>συχνοὺς</em></strong></span> <span class='ocrx_word' id='word_1_97' title='bbox 633 1839 726 1901; x_wconf 81' lang='grc' dir='ltr'><strong><em>τείνει</em></strong></span> <span class='ocrx_word' id='word_1_98' title='bbox 747 1841 814 1900; x_wconf 86' lang='grc' dir='ltr'><strong>τών</strong></span> <span class='ocrx_word' id='word_1_99' title='bbox 833 1838 949 1917; x_wconf 84' lang='grc' dir='ltr'><strong><em>λόγων,</em></strong></span> <span class='ocrx_word' id='word_1_100' title='bbox 978 1836 1085 1920; x_wconf 81' lang='grc' dir='ltr'><strong><em>ἐπειδή</em></strong></span> <span class='ocrx_word' id='word_1_101' title='bbox 1106 1859 1163 1918; x_wconf 84' lang='grc' dir='ltr'><strong><em>μοι</em></strong></span> <span class='ocrx_word' id='word_1_102' title='bbox 1184 1831 1248 1900; x_wconf 83' lang='grc' dir='ltr'><strong>οὐκ</strong></span> <span class='ocrx_word' id='word_1_103' title='bbox 1268 1835 1387 1911; x_wconf 76' lang='grc' dir='ltr'><strong><em>ἐθέλεις</em></strong></span> 
     </span>
     <span class='ocr_line' id='line_1_15' title="bbox 371 1927 1389 2024; baseline -0.003 -24"><span class='ocrx_word' id='word_1_104' title='bbox 371 1931 614 2024; x_wconf 88' lang='grc' dir='ltr'><strong><em>ἀποκρίνεσθαι.</em></strong></span> <span class='ocrx_word' id='word_1_105' title='bbox 637 1930 713 2012; x_wconf 85' lang='grc' dir='ltr'><strong><em>ἀλλ’,</em></strong></span> <span class='ocrx_word' id='word_1_106' title='bbox 737 1927 886 2018; x_wconf 69' lang='grc' dir='ltr'><strong><em>ὦγαθέ,</em></strong></span> <span class='ocrx_word' id='word_1_107' title='bbox 908 1935 973 1998; x_wconf 79' lang='grc' dir='ltr'><strong><em>είπέ</em></strong></span> <span class='ocrx_word' id='word_1_108' title='bbox 993 1936 1075 2016; x_wconf 87' lang='grc' dir='ltr'><strong><em>πρὸς</em></strong></span> <span class='ocrx_word' id='word_1_109' title='bbox 1095 1935 1215 2016; x_wconf 85' lang='grc' dir='ltr'><strong><em>φιλίου,</em></strong></span> <span class='ocrx_word' id='word_1_110' title='bbox 1241 1936 1282 1999; x_wconf 85' lang='grc' dir='ltr'><strong>οὐ</strong></span> <span class='ocrx_word' id='word_1_111' title='bbox 1304 1935 1389 2000; x_wconf 83' lang='grc' dir='ltr'><strong><em>δοκεῖ</em></strong></span> 
     </span>
    </p>
   </div>
   <div class='ocr_carea' id='block_1_4' title="bbox 370 2110 1387 2392">
    <p class='ocr_par' dir='ltr' id='par_1_5' title="bbox 370 2110 1386 2392">
     <span class='ocr_line' id='line_1_16' title="bbox 420 2110 1386 2202; baseline -0.002 -32"><span class='ocrx_word' id='word_1_112' title='bbox 420 2122 454 2170; x_wconf 91' lang='lat' dir='ltr'><strong>D.</strong></span> <span class='ocrx_word' id='word_1_113' title='bbox 481 2139 495 2171; x_wconf 89' lang='grc' dir='ltr'><strong><em>ο</em></strong></span> <span class='ocrx_word' id='word_1_114' title='bbox 513 2138 574 2170; x_wconf 87' lang='grc' dir='ltr'><strong>ουκ</strong></span> <span class='ocrx_word' id='word_1_115' title='bbox 592 2118 736 2186; x_wconf 80' lang='grc' dir='ltr'><strong><em>ἔχουσιν]</em></strong></span> <span class='ocrx_word' id='word_1_116' title='bbox 757 2110 1044 2202; x_wconf 79' lang='lat' dir='ltr'><strong>edatrvumpraebent</strong></span> <span class='ocrx_word' id='word_1_117' title='bbox 1055 2119 1113 2168; x_wconf 93' lang='lat' dir='ltr'><strong>Par</strong></span> <span class='ocrx_word' id='word_1_118' title='bbox 1126 2118 1218 2169; x_wconf 90' lang='lat' dir='ltr'><strong>IVW.</strong></span> <span class='ocrx_word' id='word_1_119' title='bbox 1237 2119 1309 2169; x_wconf 85' lang='lat' dir='ltr'><strong>Flor.</strong></span> <span class='ocrx_word' id='word_1_120' title='bbox 1319 2118 1345 2169; x_wconf 93' lang='lat' dir='ltr'><strong>b.</strong></span> <span class='ocrx_word' id='word_1_121' title='bbox 1354 2136 1386 2181; x_wconf 84' lang='lat' dir='ltr'><strong>x.,</strong></span> 
     </span>
     <span class='ocr_line' id='line_1_17' title="bbox 370 2183 1387 2252; baseline -0.003 -12"><span class='ocrx_word' id='word_1_122' title='bbox 370 2190 473 2240; x_wconf 87' lang='lat' dir='ltr'><strong>restitut</strong></span> <span class='ocrx_word' id='word_1_123' title='bbox 474 2205 516 2238; x_wconf 91' lang='lat' dir='ltr'><strong>um</strong></span> <span class='ocrx_word' id='word_1_124' title='bbox 534 2188 610 2238; x_wconf 85' lang='lat' dir='ltr'><strong>iilum</strong></span> <span class='ocrx_word' id='word_1_125' title='bbox 628 2205 644 2238; x_wconf 89' lang='lat' dir='ltr'><strong>a</strong></span> <span class='ocrx_word' id='word_1_126' title='bbox 657 2188 786 2238; x_wconf 85' lang='lat' dir='ltr'><strong>Bekkero</strong></span> <span class='ocrx_word' id='word_1_127' title='bbox 821 2183 1019 2236; x_wconf 84' lang='lat' dir='ltr'><strong>Hermannus&#39;&#39;</strong></span> <span class='ocrx_word' id='word_1_128' title='bbox 1005 2205 1019 2237; x_wconf 92' lang='lat' dir='ltr'><strong>o</strong></span> <span class='ocrx_word' id='word_1_129' title='bbox 1038 2186 1210 2237; x_wconf 83' lang='lat' dir='ltr'>concinnitati</span> <span class='ocrx_word' id='word_1_130' title='bbox 1227 2188 1313 2252; x_wconf 81' lang='lat' dir='ltr'><strong>magis</strong></span> <span class='ocrx_word' id='word_1_131' title='bbox 1330 2202 1387 2237; x_wconf 92' lang='lat' dir='ltr'><strong>con·</strong></span> 
     </span>
     <span class='ocr_line' id='line_1_18' title="bbox 370 2253 1386 2321; baseline -0.003 -14"><span class='ocrx_word' id='word_1_132' title='bbox 370 2259 459 2307; x_wconf 87' lang='lat' dir='ltr'><strong>venire</strong></span> <span class='ocrx_word' id='word_1_133' title='bbox 473 2257 626 2318; x_wconf 89' lang='lat' dir='ltr'><strong>arbitratur;</strong></span> <span class='ocrx_word' id='word_1_134' title='bbox 643 2272 691 2306; x_wconf 87' lang='lat' dir='ltr'><strong>nos</strong></span> <span class='ocrx_word' id='word_1_135' title='bbox 705 2256 884 2307; x_wconf 82' lang='lat' dir='ltr'><strong>attractionem</strong></span> <span class='ocrx_word' id='word_1_136' title='bbox 898 2263 1018 2320; x_wconf 89' lang='lat' dir='ltr'><strong>putamus</strong></span> <span class='ocrx_word' id='word_1_137' title='bbox 1036 2257 1158 2305; x_wconf 87' lang='lat' dir='ltr'><strong>omissam</strong></span> <span class='ocrx_word' id='word_1_138' title='bbox 1175 2270 1241 2318; x_wconf 88' lang='lat' dir='ltr'><strong>esse,</strong></span> <span class='ocrx_word' id='word_1_139' title='bbox 1259 2263 1290 2305; x_wconf 82' lang='lat' dir='ltr'><strong>ut</strong></span> <span class='ocrx_word' id='word_1_140' title='bbox 1307 2253 1386 2321; x_wconf 82' lang='grc' dir='ltr'><strong><em>τονίηι</em></strong></span> 
     </span>
     <span class='ocr_line' id='line_1_19' title="bbox 372 2323 946 2392; baseline -0.009 -15"><span class='ocrx_word' id='word_1_141' title='bbox 372 2342 514 2392; x_wconf 83' lang='lat' dir='ltr'>pronomen</span> <span class='ocrx_word' id='word_1_142' title='bbox 532 2325 559 2374; x_wconf 80' lang='lat' dir='ltr'><strong>vi</strong></span> <span class='ocrx_word' id='word_1_143' title='bbox 577 2331 603 2376; x_wconf 89' lang='lat' dir='ltr'><strong>et</strong></span> <span class='ocrx_word' id='word_1_144' title='bbox 618 2325 746 2391; x_wconf 84' lang='lat' dir='ltr'><strong>gravitate</strong></span> <span class='ocrx_word' id='word_1_145' title='bbox 764 2324 825 2390; x_wconf 87' lang='lat' dir='ltr'><strong>plus</strong></span> <span class='ocrx_word' id='word_1_146' title='bbox 841 2323 946 2389; x_wconf 91' lang='lat' dir='ltr'><strong>polleat.</strong></span> 
     </span>
    </p>
   </div>
   <div class='ocr_carea' id='block_1_5' title="bbox 370 2493 856 3510">
    <p class='ocr_par' dir='ltr' id='par_1_6' title="bbox 370 2493 856 3510">
     <span class='ocr_line' id='line_1_20' title="bbox 374 2493 853 2547; baseline -0.01 0"><span class='ocrx_word' id='word_1_147' title='bbox 374 2502 400 2547; x_wconf 88' lang='lat' dir='ltr'><strong>et</strong></span> <span class='ocrx_word' id='word_1_148' title='bbox 417 2496 485 2546; x_wconf 81' lang='lat' dir='ltr'><strong>Ast.</strong></span> <span class='ocrx_word' id='word_1_149' title='bbox 504 2493 642 2546; x_wconf 88' lang='lat' dir='ltr'><strong>delendum</strong></span> <span class='ocrx_word' id='word_1_150' title='bbox 660 2499 776 2545; x_wconf 88' lang='lat' dir='ltr'><strong>censent.</strong></span> <span class='ocrx_word' id='word_1_151' title='bbox 793 2494 853 2545; x_wconf 88' lang='lat' dir='ltr'><strong>Non</strong></span> 
     </span>
     <span class='ocr_line' id='line_1_21' title="bbox 374 2562 854 2628; baseline -0.013 -12"><span class='ocrx_word' id='word_1_152' title='bbox 374 2565 507 2616; x_wconf 86' lang='lat' dir='ltr'><strong>assentior.</strong></span> <span class='ocrx_word' id='word_1_153' title='bbox 541 2564 631 2628; x_wconf 83' lang='lat' dir='ltr'><strong>Neque</strong></span> <span class='ocrx_word' id='word_1_154' title='bbox 655 2563 725 2612; x_wconf 88' lang='lat' dir='ltr'><strong>enim</strong></span> <span class='ocrx_word' id='word_1_155' title='bbox 748 2564 804 2612; x_wconf 88' lang='lat' dir='ltr'><strong>sine</strong></span> <span class='ocrx_word' id='word_1_156' title='bbox 826 2562 854 2610; x_wconf 84' lang='lat' dir='ltr'><strong>vi</strong></span> 
     </span>
     <span class='ocr_line' id='line_1_22' title="bbox 374 2631 855 2696; baseline -0.008 -13"><span class='ocrx_word' id='word_1_157' title='bbox 374 2634 469 2683; x_wconf 90' lang='lat' dir='ltr'><strong>dicitur</strong></span> <span class='ocrx_word' id='word_1_158' title='bbox 484 2647 528 2682; x_wconf 88' lang='lat' dir='ltr'><strong>eos</strong></span> <span class='ocrx_word' id='word_1_159' title='bbox 539 2632 670 2695; x_wconf 81' lang='lat' dir='ltr'><strong>conqueri,</strong></span> <span class='ocrx_word' id='word_1_160' title='bbox 688 2631 756 2696; x_wconf 90' lang='lat' dir='ltr'><strong>quod</strong></span> <span class='ocrx_word' id='word_1_161' title='bbox 774 2635 855 2680; x_wconf 89' lang='lat' dir='ltr'><strong>semet</strong></span> 
     </span>
     <span class='ocr_line' id='line_1_23' title="bbox 374 2699 855 2766; baseline -0.006 -16"><span class='ocrx_word' id='word_1_162' title='bbox 374 2703 453 2766; x_wconf 86' lang='lat' dir='ltr'><strong>ipsos,</strong></span> <span class='ocrx_word' id='word_1_163' title='bbox 476 2700 613 2765; x_wconf 89' lang='lat' dir='ltr'><strong>magistros</strong></span> <span class='ocrx_word' id='word_1_164' title='bbox 630 2699 742 2761; x_wconf 86' lang='lat' dir='ltr'><strong>virtutis,</strong></span> <span class='ocrx_word' id='word_1_165' title='bbox 758 2699 855 2747; x_wconf 87' lang='lat' dir='ltr'><strong>iniuste</strong></span> 
     </span>
     <span class='ocr_line' id='line_1_24' title="bbox 373 2768 856 2847; baseline -0.006 -28"><span class='ocrx_word' id='word_1_166' title='bbox 373 2774 492 2819; x_wconf 78' lang='lat' dir='ltr'><strong>tractent</strong></span> <span class='ocrx_word' id='word_1_167' title='bbox 531 2769 623 2818; x_wconf 81' lang='lat' dir='ltr'><strong>Latine</strong></span> <span class='ocrx_word' id='word_1_168' title='bbox 647 2768 711 2817; x_wconf 90' lang='lat' dir='ltr'><strong>haec</strong></span> <span class='ocrx_word' id='word_1_169' title='bbox 732 2769 856 2847; x_wconf 83' lang='lat' dir='ltr'><strong>interpre-</strong></span> 
     </span>
     <span class='ocr_line' id='line_1_25' title="bbox 374 2836 854 2900; baseline -0.011 -13"><span class='ocrx_word' id='word_1_170' title='bbox 374 2838 447 2888; x_wconf 90' lang='lat' dir='ltr'><strong>teris:</strong></span> <span class='ocrx_word' id='word_1_171' title='bbox 483 2851 555 2885; x_wconf 85' lang='lat' dir='ltr'><strong>nam</strong></span> <span class='ocrx_word' id='word_1_172' title='bbox 588 2836 727 2891; x_wconf 79' lang='lat' dir='ltr'><strong>virtutis</strong></span> <span class='ocrx_word' id='word_1_173' title='bbox 757 2836 854 2900; x_wconf 82' lang='lat' dir='ltr'><strong>magi·</strong></span> 
     </span>
     <span class='ocr_line' id='line_1_26' title="bbox 374 2904 853 2967; baseline -0.006 -12"><span class='ocrx_word' id='word_1_174' title='bbox 374 2911 473 2956; x_wconf 84' lang='lat' dir='ltr'><strong>stros</strong></span> <span class='ocrx_word' id='word_1_175' title='bbox 508 2917 589 2952; x_wconf 87' lang='lat' dir='ltr'><strong>sese</strong></span> <span class='ocrx_word' id='word_1_176' title='bbox 619 2904 853 2967; x_wconf 82' lang='lat' dir='ltr'><strong>profitentes</strong></span> 
     </span>
     <span class='ocr_line' id='line_1_27' title="bbox 374 2975 854 3036; baseline -0.006 -14"><span class='ocrx_word' id='word_1_177' title='bbox 374 2985 637 3036; x_wconf 77' lang='lat' dir='ltr'><strong>saepenumero</strong></span> <span class='ocrx_word' id='word_1_178' title='bbox 673 2975 854 3020; x_wconf 84' lang='lat' dir='ltr'><strong>accusant</strong></span> 
     </span>
     <span class='ocr_line' id='line_1_28' title="bbox 374 3036 853 3117; baseline 0 -29"><span class='ocrx_word' id='word_1_179' title='bbox 374 3036 602 3101; x_wconf 82' lang='lat' dir='ltr'><strong>discipulos,</strong></span> <span class='ocrx_word' id='word_1_180' title='bbox 635 3036 764 3116; x_wconf 81' lang='lat' dir='ltr'><strong>quod&#39;</strong></span> <span class='ocrx_word' id='word_1_181' title='bbox 756 3038 853 3117; x_wconf 87' lang='lat' dir='ltr'><strong>rpsis</strong></span> 
     </span>
     <span class='ocr_line' id='line_1_29' title="bbox 374 3104 853 3167; baseline -0.004 -11"><span class='ocrx_word' id='word_1_182' title='bbox 374 3106 463 3156; x_wconf 89' lang='lat' dir='ltr'><strong>adeo</strong></span> <span class='ocrx_word' id='word_1_183' title='bbox 485 3104 687 3154; x_wconf 85' lang='lat' dir='ltr'><strong>inferant</strong></span> <span class='ocrx_word' id='word_1_184' title='bbox 680 3105 853 3167; x_wconf 81' lang='lat' dir='ltr'><strong>iniuriam,</strong></span> 
     </span>
     <span class='ocr_line' id='line_1_30' title="bbox 375 3171 853 3238; baseline -0.004 -15"><span class='ocrx_word' id='word_1_185' title='bbox 375 3173 431 3238; x_wconf 90' lang='lat' dir='ltr'><strong>qui</strong></span> <span class='ocrx_word' id='word_1_186' title='bbox 448 3178 554 3222; x_wconf 91' lang='lat' dir='ltr'><strong>tamen</strong></span> <span class='ocrx_word' id='word_1_187' title='bbox 571 3187 626 3222; x_wconf 86' lang='lat' dir='ltr'><strong>eos</strong></span> <span class='ocrx_word' id='word_1_188' title='bbox 640 3171 679 3221; x_wconf 91' lang='lat' dir='ltr'><strong>ad</strong></span> <span class='ocrx_word' id='word_1_189' title='bbox 693 3173 853 3223; x_wconf 82' lang='lat' dir='ltr'><strong>virtutem</strong></span> 
     </span>
     <span class='ocr_line' id='line_1_31' title="bbox 373 3237 852 3292; baseline -0.002 0"><span class='ocrx_word' id='word_1_190' title='bbox 373 3242 600 3292; x_wconf 81' lang='lat' dir='ltr'><strong>formaverint</strong></span> <span class='ocrx_word' id='word_1_191' title='bbox 636 3241 671 3290; x_wconf 87' lang='lat' dir='ltr'><strong>Et</strong></span> <span class='ocrx_word' id='word_1_192' title='bbox 692 3246 782 3290; x_wconf 88' lang='lat' dir='ltr'><strong>tenent</strong></span> <span class='ocrx_word' id='word_1_193' title='bbox 805 3237 852 3291; x_wconf 77' lang='grc' dir='ltr'><strong><em>αὖ·</em></strong></span> 
     </span>
     <span class='ocr_line' id='line_1_32' title="bbox 374 3306 852 3363; baseline 0 -3"><span class='ocrx_word' id='word_1_194' title='bbox 374 3306 433 3363; x_wconf 82' lang='grc' dir='ltr'><strong><em>τοδε</em></strong></span> <span class='ocrx_word' id='word_1_195' title='bbox 455 3308 517 3358; x_wconf 88' lang='lat' dir='ltr'><strong>libri</strong></span> <span class='ocrx_word' id='word_1_196' title='bbox 534 3323 630 3361; x_wconf 82' lang='lat' dir='ltr'><strong>omnes.</strong></span> <span class='ocrx_word' id='word_1_197' title='bbox 655 3309 721 3358; x_wconf 86' lang='lat' dir='ltr'><strong>conf.</strong></span> <span class='ocrx_word' id='word_1_198' title='bbox 739 3309 852 3360; x_wconf 80' lang='lat' dir='ltr'><strong>Schoe-</strong></span> 
     </span>
     <span class='ocr_line' id='line_1_33' title="bbox 371 3375 852 3441; baseline 0 -13"><span class='ocrx_word' id='word_1_199' title='bbox 371 3394 474 3429; x_wconf 87' lang='lat' dir='ltr'><strong>mann.</strong></span> <span class='ocrx_word' id='word_1_200' title='bbox 496 3377 529 3428; x_wconf 92' lang='lat' dir='ltr'><strong>ad</strong></span> <span class='ocrx_word' id='word_1_201' title='bbox 550 3377 653 3427; x_wconf 82' lang='lat' dir='ltr'><strong>Isaeum</strong></span> <span class='ocrx_word' id='word_1_202' title='bbox 676 3392 701 3441; x_wconf 94' lang='lat' dir='ltr'><strong>p.</strong></span> <span class='ocrx_word' id='word_1_203' title='bbox 720 3375 778 3428; x_wconf 83' lang='lat'><strong>185.</strong></span> <span class='ocrx_word' id='word_1_204' title='bbox 804 3378 852 3428; x_wconf 86' lang='lat' dir='ltr'><strong>El·</strong></span> 
     </span>
     <span class='ocr_line' id='line_1_34' title="bbox 370 3443 779 3510; baseline 0 -14"><span class='ocrx_word' id='word_1_205' title='bbox 370 3446 469 3500; x_wconf 90' lang='lat' dir='ltr'><strong>lendt.</strong></span> <span class='ocrx_word' id='word_1_206' title='bbox 487 3446 521 3496; x_wconf 87' lang='lat' dir='ltr'><strong>ad</strong></span> <span class='ocrx_word' id='word_1_207' title='bbox 538 3445 640 3496; x_wconf 86' lang='lat' dir='ltr'><strong>Arrian.</strong></span> <span class='ocrx_word' id='word_1_208' title='bbox 657 3445 678 3495; x_wconf 94' lang='lat' dir='ltr'><strong>I.</strong></span> <span class='ocrx_word' id='word_1_209' title='bbox 695 3461 721 3510; x_wconf 91' lang='lat' dir='ltr'><strong>p.</strong></span> <span class='ocrx_word' id='word_1_210' title='bbox 737 3443 779 3496; x_wconf 81' lang='lat'><strong>48.</strong></span> 
     </span>
    </p>
   </div>
   <div class='ocr_carea' id='block_1_6' title="bbox 333 3577 855 4463">
    <p class='ocr_par' dir='ltr' id='par_1_7' title="bbox 333 3577 855 4463">
     <span class='ocr_line' id='line_1_35' title="bbox 405 3577 855 3645; baseline -0.007 -13"><span class='ocrx_word' id='word_1_211' title='bbox 405 3580 458 3632; x_wconf 88' lang='grc' dir='ltr'><strong><em>καί</em></strong></span> <span class='ocrx_word' id='word_1_212' title='bbox 482 3578 600 3630; x_wconf 81' lang='grc' dir='ltr'><strong><em>τούτου</em></strong></span> <span class='ocrx_word' id='word_1_213' title='bbox 626 3585 680 3630; x_wconf 86' lang='grc' dir='ltr'><strong><em>τοῦ</em></strong></span> <span class='ocrx_word' id='word_1_214' title='bbox 704 3577 855 3645; x_wconf 80' lang='grc' dir='ltr'><strong><em>λέγοντι</em></strong></span> 
     </span>
     <span class='ocr_line' id='line_1_36' title="bbox 371 3646 851 3716; baseline -0.002 -16"><span class='ocrx_word' id='word_1_215' title='bbox 371 3646 411 3700; x_wconf 88' lang='grc' dir='ltr'><strong>ἀν</strong></span> <span class='ocrx_word' id='word_1_216' title='bbox 428 3646 487 3716; x_wconf 85' lang='grc' dir='ltr'><strong><em>ἀλ]</em></strong></span> <span class='ocrx_word' id='word_1_217' title='bbox 504 3650 546 3699; x_wconf 87' lang='lat' dir='ltr'><strong>Et</strong></span> <span class='ocrx_word' id='word_1_218' title='bbox 562 3647 640 3713; x_wconf 89' lang='lat' dir='ltr'><strong>quid</strong></span> <span class='ocrx_word' id='word_1_219' title='bbox 653 3654 763 3713; x_wconf 87' lang='lat' dir='ltr'><strong>potest</strong></span> <span class='ocrx_word' id='word_1_220' title='bbox 777 3665 851 3699; x_wconf 84' lang='lat' dir='ltr'><strong>esse</strong></span> 
     </span>
     <span class='ocr_line' id='line_1_37' title="bbox 371 3716 851 3778; baseline -0.004 -10"><span class='ocrx_word' id='word_1_221' title='bbox 371 3719 431 3768; x_wconf 88' lang='lat' dir='ltr'><strong>hac</strong></span> <span class='ocrx_word' id='word_1_222' title='bbox 473 3718 626 3768; x_wconf 87' lang='lat' dir='ltr'><strong>oratione</strong></span> <span class='ocrx_word' id='word_1_223' title='bbox 662 3716 851 3778; x_wconf 81' lang='lat' dir='ltr'><strong>absurdius,</strong></span> 
     </span>
     <span class='ocr_line' id='line_1_38' title="bbox 371 3784 852 3836; baseline -0.004 -1"><span class='ocrx_word' id='word_1_224' title='bbox 371 3787 521 3836; x_wconf 88' lang='lat' dir='ltr'><strong>homines</strong></span> <span class='ocrx_word' id='word_1_225' title='bbox 550 3784 655 3834; x_wconf 87' lang='lat' dir='ltr'><strong>bonos</strong></span> <span class='ocrx_word' id='word_1_226' title='bbox 684 3791 715 3834; x_wconf 86' lang='lat' dir='ltr'><strong>et</strong></span> <span class='ocrx_word' id='word_1_227' title='bbox 742 3785 852 3834; x_wconf 84' lang='lat' dir='ltr'><strong>iustos</strong></span> 
     </span>
     <span class='ocr_line' id='line_1_39' title="bbox 371 3852 851 3917; baseline -0.006 -13"><span class='ocrx_word' id='word_1_228' title='bbox 371 3855 495 3914; x_wconf 82' lang='lat' dir='ltr'><strong>factos,</strong></span> <span class='ocrx_word' id='word_1_229' title='bbox 524 3852 690 3902; x_wconf 88' lang='lat' dir='ltr'><strong>liberatos</strong></span> <span class='ocrx_word' id='word_1_230' title='bbox 714 3868 771 3917; x_wconf 90' lang='lat' dir='ltr'><strong>per</strong></span> <span class='ocrx_word' id='word_1_231' title='bbox 793 3868 851 3901; x_wconf 92' lang='lat' dir='ltr'><strong>ma·</strong></span> 
     </span>
     <span class='ocr_line' id='line_1_40' title="bbox 333 3920 852 3988; baseline -0.006 -16"><span class='ocrx_word' id='word_1_232' title='bbox 333 3950 334 3954; x_wconf 63' lang='lat'><em>=</em></span> <span class='ocrx_word' id='word_1_233' title='bbox 371 3923 511 3988; x_wconf 83' lang='lat' dir='ltr'><strong>gistrum</strong></span> <span class='ocrx_word' id='word_1_234' title='bbox 535 3920 572 3970; x_wconf 92' lang='lat' dir='ltr'><strong>ab</strong></span> <span class='ocrx_word' id='word_1_235' title='bbox 590 3920 778 3984; x_wconf 82' lang='lat' dir='ltr'><strong>iniustitia,</strong></span> <span class='ocrx_word' id='word_1_236' title='bbox 801 3936 852 3969; x_wconf 86' lang='lat' dir='ltr'><strong>na-</strong></span> 
     </span>
     <span class='ocr_line' id='line_1_41' title="bbox 372 3989 852 4054; baseline -0.004 -15"><span class='ocrx_word' id='word_1_237' title='bbox 372 3996 440 4041; x_wconf 92' lang='lat' dir='ltr'><strong>ctos</strong></span> <span class='ocrx_word' id='word_1_238' title='bbox 470 4004 547 4038; x_wconf 88' lang='lat' dir='ltr'><strong>vero</strong></span> <span class='ocrx_word' id='word_1_239' title='bbox 579 3989 760 4052; x_wconf 82' lang='lat' dir='ltr'><strong>iustitiam,</strong></span> <span class='ocrx_word' id='word_1_240' title='bbox 795 4005 852 4054; x_wconf 92' lang='lat' dir='ltr'><strong>per</strong></span> 
     </span>
     <span class='ocr_line' id='line_1_42' title="bbox 372 4057 852 4109; baseline -0.006 -2"><span class='ocrx_word' id='word_1_241' title='bbox 372 4057 456 4109; x_wconf 92' lang='lat' dir='ltr'><strong>illud</strong></span> <span class='ocrx_word' id='word_1_242' title='bbox 485 4057 587 4108; x_wconf 87' lang='lat' dir='ltr'><strong>alteri</strong></span> <span class='ocrx_word' id='word_1_243' title='bbox 618 4057 776 4106; x_wconf 89' lang='lat' dir='ltr'><strong>iniuriam</strong></span> <span class='ocrx_word' id='word_1_244' title='bbox 807 4058 852 4104; x_wconf 92' lang='lat' dir='ltr'><strong>in·</strong></span> 
     </span>
     <span class='ocr_line' id='line_1_43' title="bbox 372 4118 851 4189; baseline -0.006 -13"><span class='ocrx_word' id='word_1_245' title='bbox 372 4127 471 4187; x_wconf 85' lang='lat' dir='ltr'><strong>ferre,</strong></span> <span class='ocrx_word' id='word_1_246' title='bbox 505 4118 588 4189; x_wconf 72' lang='lat' dir='ltr'><strong>duod</strong></span> <span class='ocrx_word' id='word_1_247' title='bbox 621 4140 683 4174; x_wconf 87' lang='lat' dir='ltr'><strong>non</strong></span> <span class='ocrx_word' id='word_1_248' title='bbox 711 4125 851 4176; x_wconf 82' lang='lat' dir='ltr'><strong>habent?</strong></span> 
     </span>
     <span class='ocr_line' id='line_1_44' title="bbox 372 4192 852 4245; baseline -0.006 0"><span class='ocrx_word' id='word_1_249' title='bbox 372 4195 422 4245; x_wconf 91' lang='lat' dir='ltr'><strong>Pro</strong></span> <span class='ocrx_word' id='word_1_250' title='bbox 456 4193 499 4243; x_wconf 84' lang='grc' dir='ltr'><strong><em>καί</em></strong></span> <span class='ocrx_word' id='word_1_251' title='bbox 533 4192 787 4242; x_wconf 86' lang='lat' dir='ltr'><strong>Heindorfius</strong></span> <span class='ocrx_word' id='word_1_252' title='bbox 827 4198 852 4241; x_wconf 88' lang='lat' dir='ltr'><strong>et</strong></span> 
     </span>
     <span class='ocr_line' id='line_1_45' title="bbox 372 4261 852 4326; baseline -0.004 -15"><span class='ocrx_word' id='word_1_253' title='bbox 372 4262 489 4311; x_wconf 88' lang='lat' dir='ltr'><strong>Astius</strong></span> <span class='ocrx_word' id='word_1_254' title='bbox 512 4264 593 4311; x_wconf 85' lang='grc' dir='ltr'><strong><em>καίτοι</em></strong></span> <span class='ocrx_word' id='word_1_255' title='bbox 611 4262 769 4326; x_wconf 86' lang='lat' dir='ltr'><strong>scripserunt</strong></span> <span class='ocrx_word' id='word_1_256' title='bbox 785 4261 852 4309; x_wconf 86' lang='lat' dir='ltr'><strong>invi·</strong></span> 
     </span>
     <span class='ocr_line' id='line_1_46' title="bbox 372 4328 852 4382; baseline -0.002 -3"><span class='ocrx_word' id='word_1_257' title='bbox 372 4331 406 4379; x_wconf 84' lang='lat' dir='ltr'><strong>trs</strong></span> <span class='ocrx_word' id='word_1_258' title='bbox 417 4328 558 4382; x_wconf 79' lang='lat' dir='ltr'><strong>codicibus</strong></span> <span class='ocrx_word' id='word_1_259' title='bbox 584 4329 712 4378; x_wconf 86' lang='lat' dir='ltr'><strong>N0111m1</strong></span> <span class='ocrx_word' id='word_1_260' title='bbox 714 4330 758 4378; x_wconf 83' lang='lat' dir='ltr'><strong>ari.</strong></span> <span class='ocrx_word' id='word_1_261' title='bbox 785 4329 852 4380; x_wconf 87' lang='lat' dir='ltr'><strong>Nam</strong></span> 
     </span>
     <span class='ocr_line' id='line_1_47' title="bbox 372 4397 852 4463; baseline 0 -16"><span class='ocrx_word' id='word_1_262' title='bbox 372 4412 449 4462; x_wconf 85' lang='lat' dir='ltr'><strong>saepe</strong></span> <span class='ocrx_word' id='word_1_263' title='bbox 466 4400 511 4446; x_wconf 89' lang='grc' dir='ltr'><strong>και</strong></span> <span class='ocrx_word' id='word_1_264' title='bbox 525 4399 552 4446; x_wconf 90' lang='lat' dir='ltr'><strong>in</strong></span> <span class='ocrx_word' id='word_1_265' title='bbox 569 4397 696 4463; x_wconf 91' lang='lat' dir='ltr'><strong>principio</strong></span> <span class='ocrx_word' id='word_1_266' title='bbox 714 4399 852 4448; x_wconf 84' lang='lat' dir='ltr'><strong>sententia·</strong></span> 
     </span>
    </p>
   </div>
   <div class='ocr_carea' id='block_1_7' title="bbox 902 2492 1388 4400">
    <p class='ocr_par' dir='ltr' id='par_1_8' title="bbox 903 2492 1388 3294">
     <span class='ocr_line' id='line_1_48' title="bbox 903 2492 1387 2559; baseline -0.002 -15"><span class='ocrx_word' id='word_1_267' title='bbox 903 2510 961 2544; x_wconf 87' lang='lat' dir='ltr'><strong>rum</strong></span> <span class='ocrx_word' id='word_1_268' title='bbox 973 2493 1013 2544; x_wconf 92' lang='lat' dir='ltr'><strong>sic</strong></span> <span class='ocrx_word' id='word_1_269' title='bbox 1027 2509 1085 2543; x_wconf 89' lang='lat' dir='ltr'><strong>curn</strong></span> <span class='ocrx_word' id='word_1_270' title='bbox 1101 2494 1129 2542; x_wconf 84' lang='lat' dir='ltr'><strong>vi</strong></span> <span class='ocrx_word' id='word_1_271' title='bbox 1145 2492 1269 2559; x_wconf 87' lang='lat' dir='ltr'><strong>positum,</strong></span> <span class='ocrx_word' id='word_1_272' title='bbox 1287 2492 1387 2558; x_wconf 89' lang='lat' dir='ltr'><strong>quando</strong></span> 
     </span>
     <span class='ocr_line' id='line_1_49' title="bbox 904 2561 1388 2627; baseline -0.004 -15"><span class='ocrx_word' id='word_1_273' title='bbox 904 2563 939 2624; x_wconf 87' lang='lat' dir='ltr'><strong>id,</strong></span> <span class='ocrx_word' id='word_1_274' title='bbox 963 2561 1032 2626; x_wconf 88' lang='lat' dir='ltr'><strong>quod</strong></span> <span class='ocrx_word' id='word_1_275' title='bbox 1048 2561 1266 2626; x_wconf 84' lang='lat' dir='ltr'><strong>praecedentibus</strong></span> <span class='ocrx_word' id='word_1_276' title='bbox 1284 2562 1388 2627; x_wconf 90' lang='lat' dir='ltr'><strong>opponi·</strong></span> 
     </span>
     <span class='ocr_line' id='line_1_50' title="bbox 905 2629 1387 2696; baseline -0.004 -15"><span class='ocrx_word' id='word_1_277' title='bbox 905 2638 960 2692; x_wconf 86' lang='lat' dir='ltr'><strong>tur,</strong></span> <span class='ocrx_word' id='word_1_278' title='bbox 990 2629 1094 2679; x_wconf 84' lang='lat' dir='ltr'><strong>additur</strong></span> <span class='ocrx_word' id='word_1_279' title='bbox 1118 2630 1168 2692; x_wconf 87' lang='lat' dir='ltr'><strong>sic,</strong></span> <span class='ocrx_word' id='word_1_280' title='bbox 1199 2635 1230 2679; x_wconf 92' lang='lat' dir='ltr'><strong>ut</strong></span> <span class='ocrx_word' id='word_1_281' title='bbox 1254 2645 1387 2696; x_wconf 81' lang='lat' dir='ltr'><strong>argumen-</strong></span> 
     </span>
     <span class='ocr_line' id='line_1_51' title="bbox 905 2697 1388 2749; baseline 0 -1"><span class='ocrx_word' id='word_1_282' title='bbox 905 2701 969 2748; x_wconf 89' lang='lat' dir='ltr'><strong>tatio</strong></span> <span class='ocrx_word' id='word_1_283' title='bbox 986 2698 1107 2748; x_wconf 88' lang='lat' dir='ltr'><strong>inchoata</strong></span> <span class='ocrx_word' id='word_1_284' title='bbox 1126 2697 1206 2748; x_wconf 89' lang='lat' dir='ltr'><strong>simul</strong></span> <span class='ocrx_word' id='word_1_285' title='bbox 1222 2701 1388 2749; x_wconf 87' lang='lat' dir='ltr'><strong>continuetur</strong></span> 
     </span>
     <span class='ocr_line' id='line_1_52' title="bbox 907 2765 1387 2850; baseline -0.004 -33"><span class='ocrx_word' id='word_1_286' title='bbox 907 2773 932 2817; x_wconf 88' lang='lat' dir='ltr'><strong>et</strong></span> <span class='ocrx_word' id='word_1_287' title='bbox 958 2765 1115 2816; x_wconf 67' lang='lat' dir='ltr'><strong>absolverer</strong></span> <span class='ocrx_word' id='word_1_288' title='bbox 1147 2765 1260 2850; x_wconf 84' lang='lat' dir='ltr'><strong>Apolog.</strong></span> <span class='ocrx_word' id='word_1_289' title='bbox 1290 2767 1387 2817; x_wconf 79' lang='lat' dir='ltr'><strong>Socrat</strong></span> 
     </span>
     <span class='ocr_line' id='line_1_53' title="bbox 905 2829 1388 2915; baseline -0.006 -31"><span class='ocrx_word' id='word_1_290' title='bbox 905 2851 930 2900; x_wconf 91' lang='lat' dir='ltr'><strong>p.</strong></span> <span class='ocrx_word' id='word_1_291' title='bbox 948 2833 989 2884; x_wconf 77' lang='lat'><strong>29.</strong></span> <span class='ocrx_word' id='word_1_292' title='bbox 1007 2835 1042 2884; x_wconf 93' lang='grc' dir='ltr'><strong>Β.</strong></span> <span class='ocrx_word' id='word_1_293' title='bbox 1069 2829 1128 2885; x_wconf 85' lang='grc' dir='ltr'><strong><em>οἶδε</em></strong></span> <span class='ocrx_word' id='word_1_294' title='bbox 1150 2835 1201 2915; x_wconf 81' lang='grc' dir='ltr'><strong><em>γὰρ</em></strong></span> <span class='ocrx_word' id='word_1_295' title='bbox 1226 2830 1320 2887; x_wconf 74' lang='grc' dir='ltr'><strong><em>οὐδεὶς</em></strong></span> <span class='ocrx_word' id='word_1_296' title='bbox 1343 2832 1388 2884; x_wconf 87' lang='grc' dir='ltr'><strong>τδν</strong></span> 
     </span>
     <span class='ocr_line' id='line_1_54' title="bbox 905 2899 1386 2968; baseline 0 -16"><span class='ocrx_word' id='word_1_297' title='bbox 905 2899 1073 2952; x_wconf 87' lang='grc' dir='ltr'><strong><em>θάνατον-</em></strong></span> <span class='ocrx_word' id='word_1_298' title='bbox 1039 2919 1123 2952; x_wconf 84' lang='lat' dir='ltr'><strong>ou</strong></span> <span class='ocrx_word' id='word_1_299' title='bbox 1132 2918 1258 2968; x_wconf 85' lang='grc' dir='ltr'><strong><em>μεγιστον</em></strong></span> <span class='ocrx_word' id='word_1_300' title='bbox 1276 2921 1328 2953; x_wconf 86' lang='grc' dir='ltr'><strong>των</strong></span> <span class='ocrx_word' id='word_1_301' title='bbox 1345 2919 1386 2952; x_wconf 81' lang='grc' dir='ltr'><strong><em>κα·</em></strong></span> 
     </span>
     <span class='ocr_line' id='line_1_55' title="bbox 906 2967 1386 3024; baseline -0.002 -4"><span class='ocrx_word' id='word_1_302' title='bbox 906 2975 960 3021; x_wconf 83' lang='grc' dir='ltr'><strong>κάν</strong></span> <span class='ocrx_word' id='word_1_303' title='bbox 988 2969 1051 3020; x_wconf 77' lang='grc' dir='ltr'><strong><em>ἐστι.</em></strong></span> <span class='ocrx_word' id='word_1_304' title='bbox 1077 2969 1120 3020; x_wconf 84' lang='grc' dir='ltr'><strong><em>καί</em></strong></span> <span class='ocrx_word' id='word_1_305' title='bbox 1150 2975 1226 3020; x_wconf 85' lang='grc' dir='ltr'><strong><em>τοῦτο</em></strong></span> <span class='ocrx_word' id='word_1_306' title='bbox 1257 2975 1314 3024; x_wconf 76' lang='grc' dir='ltr'><strong><em>ποτε</em></strong></span> <span class='ocrx_word' id='word_1_307' title='bbox 1341 2967 1386 3021; x_wconf 77' lang='grc' dir='ltr'><strong>οὐκ</strong></span> 
     </span>
     <span class='ocr_line' id='line_1_56' title="bbox 905 3035 1388 3104; baseline -0.002 -15"><span class='ocrx_word' id='word_1_308' title='bbox 905 3035 1006 3100; x_wconf 80' lang='grc' dir='ltr'><strong><em>ἀμαθία</em></strong></span> <span class='ocrx_word' id='word_1_309' title='bbox 1033 3037 1105 3088; x_wconf 77' lang='grc' dir='ltr'><strong><em>ἐστίν</em></strong></span> <span class='ocrx_word' id='word_1_310' title='bbox 1130 3035 1195 3104; x_wconf 84' lang='grc' dir='ltr'><strong><em>αντη</em></strong></span> <span class='ocrx_word' id='word_1_311' title='bbox 1222 3056 1239 3104; x_wconf 91' lang='grc' dir='ltr'><strong><em>η</em></strong></span> <span class='ocrx_word' id='word_1_312' title='bbox 1262 3037 1388 3089; x_wconf 79' lang='grc' dir='ltr'><strong><em>έπονειδι</em></strong></span> 
     </span>
     <span class='ocr_line' id='line_1_57' title="bbox 907 3105 1386 3167; baseline 0.002 -11"><span class='ocrx_word' id='word_1_313' title='bbox 907 3122 978 3167; x_wconf 83' lang='grc' dir='ltr'><strong><em>στοε,·</em></strong></span> <span class='ocrx_word' id='word_1_314' title='bbox 996 3105 1042 3156; x_wconf 88' lang='lat' dir='ltr'><strong>ubi</strong></span> <span class='ocrx_word' id='word_1_315' title='bbox 1053 3123 1078 3156; x_wconf 85' lang='lat' dir='ltr'><strong>v.</strong></span> <span class='ocrx_word' id='word_1_316' title='bbox 1088 3113 1175 3156; x_wconf 86' lang='lat' dir='ltr'><strong>annot.</strong></span> <span class='ocrx_word' id='word_1_317' title='bbox 1203 3106 1306 3158; x_wconf 89' lang='lat' dir='ltr'><strong>Deinde</strong></span> <span class='ocrx_word' id='word_1_318' title='bbox 1324 3123 1386 3157; x_wconf 84' lang='lat' dir='ltr'><strong>care</strong></span> 
     </span>
     <span class='ocr_line' id='line_1_58' title="bbox 903 3172 1385 3242; baseline 0 -18"><span class='ocrx_word' id='word_1_319' title='bbox 903 3180 963 3240; x_wconf 87' lang='lat' dir='ltr'><strong>post</strong></span> <span class='ocrx_word' id='word_1_320' title='bbox 984 3175 1027 3239; x_wconf 87' lang='grc' dir='ltr'><strong>εἴη</strong></span> <span class='ocrx_word' id='word_1_321' title='bbox 1049 3179 1154 3239; x_wconf 85' lang='grc' dir='ltr'><strong><em>πρᾶγμα</em></strong></span> <span class='ocrx_word' id='word_1_322' title='bbox 1176 3175 1299 3224; x_wconf 84' lang='lat' dir='ltr'><strong>voculam</strong></span> <span class='ocrx_word' id='word_1_323' title='bbox 1317 3172 1334 3242; x_wconf 82' lang='grc' dir='ltr'><em>ἢ</em></span> <span class='ocrx_word' id='word_1_324' title='bbox 1349 3177 1385 3224; x_wconf 91' lang='lat' dir='ltr'><strong>in·</strong></span> 
     </span>
     <span class='ocr_line' id='line_1_59' title="bbox 905 3244 1384 3294; baseline -0.002 -1"><span class='ocrx_word' id='word_1_325' title='bbox 905 3259 975 3293; x_wconf 87' lang='lat' dir='ltr'><strong>seras</strong></span> <span class='ocrx_word' id='word_1_326' title='bbox 1017 3249 1063 3292; x_wconf 91' lang='lat' dir='ltr'><strong>aut</strong></span> <span class='ocrx_word' id='word_1_327' title='bbox 1099 3259 1160 3292; x_wconf 92' lang='lat' dir='ltr'><strong>cum</strong></span> <span class='ocrx_word' id='word_1_328' title='bbox 1194 3244 1384 3294; x_wconf 86' lang='lat' dir='ltr'><strong>Matthiaeo</strong></span> 
     </span>
    </p>

    <p class='ocr_par' dir='ltr' id='par_1_9' title="bbox 902 3307 1385 4400">
     <span class='ocr_line' id='line_1_60' title="bbox 904 3307 1385 3376; baseline 0 -15"><span class='ocrx_word' id='word_1_329' title='bbox 904 3307 1011 3376; x_wconf 81' lang='lat' dir='ltr'><strong>p.846.</strong></span> <span class='ocrx_word' id='word_1_330' title='bbox 1044 3317 1070 3360; x_wconf 87' lang='lat' dir='ltr'><strong>et</strong></span> <span class='ocrx_word' id='word_1_331' title='bbox 1096 3311 1326 3361; x_wconf 79' lang='lat' dir='ltr'><strong>Schoemanno</strong></span> <span class='ocrx_word' id='word_1_332' title='bbox 1354 3310 1385 3361; x_wconf 88' lang='lat' dir='ltr'><strong>sd</strong></span> 
     </span>
     <span class='ocr_line' id='line_1_61' title="bbox 903 3375 1385 3464; baseline 0.004 -36"><span class='ocrx_word' id='word_1_333' title='bbox 903 3379 1042 3443; x_wconf 88' lang='lat' dir='ltr'><strong>Isaeump</strong></span> <span class='ocrx_word' id='word_1_334' title='bbox 1054 3375 1110 3430; x_wconf 89' lang='lat'><strong>188</strong></span> <span class='ocrx_word' id='word_1_335' title='bbox 1125 3380 1249 3430; x_wconf 86' lang='lat' dir='ltr'><strong>omissam</strong></span> <span class='ocrx_word' id='word_1_336' title='bbox 1267 3380 1385 3464; x_wconf 89' lang='lat' dir='ltr'><strong>opineris</strong></span> 
     </span>
     <span class='ocr_line' id='line_1_62' title="bbox 905 3445 1384 3509; baseline 0.002 -14"><span class='ocrx_word' id='word_1_337' title='bbox 905 3447 992 3509; x_wconf 80' lang='lat' dir='ltr'><strong>Quum</strong></span> <span class='ocrx_word' id='word_1_338' title='bbox 1018 3448 1086 3496; x_wconf 90' lang='lat' dir='ltr'><strong>enim</strong></span> <span class='ocrx_word' id='word_1_339' title='bbox 1112 3446 1188 3497; x_wconf 90' lang='lat' dir='ltr'><strong>hacc:</strong></span> <span class='ocrx_word' id='word_1_340' title='bbox 1221 3448 1264 3497; x_wconf 85' lang='grc' dir='ltr'><strong><em>καί</em></strong></span> <span class='ocrx_word' id='word_1_341' title='bbox 1294 3445 1384 3498; x_wconf 81' lang='grc' dir='ltr'><strong><em>τούτου</em></strong></span> 
     </span>
     <span class='ocr_line' id='line_1_63' title="bbox 905 3509 1385 3600; baseline 0 -36"><span class='ocrx_word' id='word_1_342' title='bbox 905 3519 950 3564; x_wconf 92' lang='grc' dir='ltr'><strong><em>του</em></strong></span> <span class='ocrx_word' id='word_1_343' title='bbox 972 3510 1051 3580; x_wconf 88' lang='grc' dir='ltr'><strong><em>λόγου</em></strong></span> <span class='ocrx_word' id='word_1_344' title='bbox 1069 3517 1096 3564; x_wconf 88' lang='grc' dir='ltr'><strong><em>τί</em></strong></span> <span class='ocrx_word' id='word_1_345' title='bbox 1110 3511 1145 3564; x_wconf 86' lang='grc' dir='ltr'><strong>ἀν</strong></span> <span class='ocrx_word' id='word_1_346' title='bbox 1162 3509 1329 3582; x_wconf 74' lang='grc' dir='ltr'><strong><em>ἀλογώτερον</em></strong></span> <span class='ocrx_word' id='word_1_347' title='bbox 1345 3516 1385 3600; x_wconf 81' lang='grc' dir='ltr'><strong>είη</strong></span> 
     </span>
     <span class='ocr_line' id='line_1_64' title="bbox 904 3574 1384 3666; baseline 0.004 -35"><span class='ocrx_word' id='word_1_348' title='bbox 904 3585 1024 3666; x_wconf 86' lang='grc' dir='ltr'><strong><em>πρᾶγμα,</em></strong></span> <span class='ocrx_word' id='word_1_349' title='bbox 1039 3582 1108 3632; x_wconf 90' lang='lat' dir='ltr'><strong>idem</strong></span> <span class='ocrx_word' id='word_1_350' title='bbox 1125 3583 1179 3633; x_wconf 86' lang='lat' dir='ltr'><strong>sint</strong></span> <span class='ocrx_word' id='word_1_351' title='bbox 1196 3584 1266 3648; x_wconf 92' lang='lat' dir='ltr'><strong>quod</strong></span> <span class='ocrx_word' id='word_1_352' title='bbox 1284 3585 1327 3634; x_wconf 82' lang='grc' dir='ltr'><strong><em>καί</em></strong></span> <span class='ocrx_word' id='word_1_353' title='bbox 1342 3574 1384 3633; x_wconf 82' lang='lat' dir='ltr'><strong>od·</strong></span> 
     </span>
     <span class='ocr_line' id='line_1_65' title="bbox 905 3646 1383 3736; baseline 0.004 -37"><span class='ocrx_word' id='word_1_354' title='bbox 905 3667 946 3702; x_wconf 80' lang='grc' dir='ltr'><strong>τοι</strong></span> <span class='ocrx_word' id='word_1_355' title='bbox 969 3646 984 3699; x_wconf 87' lang='grc' dir='ltr'><strong><em>δ</em></strong></span> <span class='ocrx_word' id='word_1_356' title='bbox 1007 3646 1083 3716; x_wconf 73' lang='grc' dir='ltr'><strong><em>λόγος</em></strong></span> <span class='ocrx_word' id='word_1_357' title='bbox 1105 3647 1300 3736; x_wconf 84' lang='grc' dir='ltr'><strong><em>ἀλογώτατοε</em></strong></span> <span class='ocrx_word' id='word_1_358' title='bbox 1283 3671 1319 3703; x_wconf 86' lang='grc' dir='ltr'><strong>αν</strong></span> <span class='ocrx_word' id='word_1_359' title='bbox 1335 3653 1383 3716; x_wconf 83' lang='grc' dir='ltr'><strong><em>εἴη,</em></strong></span> 
     </span>
     <span class='ocr_line' id='line_1_66' title="bbox 904 3714 1384 3803; baseline 0.006 -35"><span class='ocrx_word' id='word_1_360' title='bbox 904 3719 968 3768; x_wconf 84' lang='lat' dir='ltr'><strong>satis</strong></span> <span class='ocrx_word' id='word_1_361' title='bbox 995 3725 1101 3801; x_wconf 88' lang='lat' dir='ltr'><strong>apparet</strong></span> <span class='ocrx_word' id='word_1_362' title='bbox 1125 3720 1191 3769; x_wconf 87' lang='lat' dir='ltr'><strong>ista.</strong></span> <span class='ocrx_word' id='word_1_363' title='bbox 1221 3714 1384 3803; x_wconf 72' lang='grc' dir='ltr'><strong><em>ἀνθρώπους</em></strong></span> 
     </span>
     <span class='ocr_line' id='line_1_67' title="bbox 903 3782 1385 3854; baseline 0.002 -19"><span class='ocrx_word' id='word_1_364' title='bbox 903 3782 1059 3852; x_wconf 81' lang='grc' dir='ltr'><strong><em>ἀγαθοδεκ.</em></strong></span> <span class='ocrx_word' id='word_1_365' title='bbox 1075 3804 1093 3835; x_wconf 89' lang='grc' dir='ltr'><strong><em>τ.</em></strong></span> <span class='ocrx_word' id='word_1_366' title='bbox 1107 3788 1148 3846; x_wconf 81' lang='grc' dir='ltr'><strong>λ,</strong></span> <span class='ocrx_word' id='word_1_367' title='bbox 1155 3789 1211 3837; x_wconf 90' lang='lat' dir='ltr'><strong>sine</strong></span> <span class='ocrx_word' id='word_1_368' title='bbox 1230 3784 1247 3854; x_wconf 84' lang='grc' dir='ltr'><em>ἢ</em></span> <span class='ocrx_word' id='word_1_369' title='bbox 1264 3787 1385 3852; x_wconf 80' lang='lat' dir='ltr'><strong>subiungi</strong></span> 
     </span>
     <span class='ocr_line' id='line_1_68' title="bbox 902 3854 1385 3938; baseline 0.002 -35"><span class='ocrx_word' id='word_1_370' title='bbox 902 3855 1026 3938; x_wconf 84' lang='lat' dir='ltr'><strong>potuisse.</strong></span> <span class='ocrx_word' id='word_1_371' title='bbox 1052 3854 1096 3904; x_wconf 86' lang='lat' dir='ltr'><strong>Sic</strong></span> <span class='ocrx_word' id='word_1_372' title='bbox 1112 3856 1249 3906; x_wconf 87' lang='lat' dir='ltr'><strong>Lucian.</strong></span> <span class='ocrx_word' id='word_1_373' title='bbox 1268 3855 1385 3907; x_wconf 84' lang='lat' dir='ltr'><strong>Abdicat.</strong></span> 
     </span>
     <span class='ocr_line' id='line_1_69' title="bbox 904 3913 1383 4008; baseline 0 -36"><span class='ocrx_word' id='word_1_374' title='bbox 904 3913 986 3972; x_wconf 84' lang='grc' dir='ltr'><strong>1ιοῦ</strong></span> <span class='ocrx_word' id='word_1_375' title='bbox 1005 3924 1030 3971; x_wconf 87' lang='grc' dir='ltr'><strong><em>τί</em></strong></span> <span class='ocrx_word' id='word_1_376' title='bbox 1043 3918 1135 3988; x_wconf 86' lang='grc' dir='ltr'><strong><em>γένοιτ’</em></strong></span> <span class='ocrx_word' id='word_1_377' title='bbox 1156 3919 1192 3972; x_wconf 88' lang='grc' dir='ltr'><strong>ἀν</strong></span> <span class='ocrx_word' id='word_1_378' title='bbox 1208 3919 1383 4008; x_wconf 82' lang='grc' dir='ltr'><strong><em>ἀτοπώτερον,</em></strong></span> 
     </span>
     <span class='ocr_line' id='line_1_70' title="bbox 903 3986 1383 4076; baseline 0.002 -36"><span class='ocrx_word' id='word_1_379' title='bbox 903 3986 1068 4076; x_wconf 80' lang='grc' dir='ltr'><strong><em>θεραπεύειν</em></strong></span> <span class='ocrx_word' id='word_1_380' title='bbox 1079 3988 1108 4040; x_wconf 78' lang='grc' dir='ltr'><strong>ἐκ</strong></span> <span class='ocrx_word' id='word_1_381' title='bbox 1119 3989 1314 4074; x_wconf 82' lang='grc' dir='ltr'><strong><em>προετάγμιιτοε</em></strong></span> <span class='ocrx_word' id='word_1_382' title='bbox 1326 3988 1383 4042; x_wconf 80' lang='lat' dir='ltr'><strong>odn-</strong></span> 
     </span>
     <span class='ocr_line' id='line_1_71' title="bbox 905 4054 1383 4144; baseline 0.006 -37"><span class='ocrx_word' id='word_1_383' title='bbox 905 4054 945 4108; x_wconf 73' lang='grc' dir='ltr'><strong><em>ἔθ’</em></strong></span> <span class='ocrx_word' id='word_1_384' title='bbox 972 4054 1007 4110; x_wconf 77' lang='lat' dir='ltr'><strong>eir</strong></span> <span class='ocrx_word' id='word_1_385' title='bbox 1031 4076 1046 4124; x_wconf 89' lang='grc' dir='ltr'><strong><em>η</em></strong></span> <span class='ocrx_word' id='word_1_386' title='bbox 1067 4056 1177 4144; x_wconf 33' lang='grc' dir='ltr'><strong>τέχνη,ἱ</strong></span> <span class='ocrx_word' id='word_1_387' title='bbox 1159 4057 1297 4143; x_wconf 73' lang='lat' dir='ltr'><strong>fluitaret:</strong></span> <span class='ocrx_word' id='word_1_388' title='bbox 1321 4060 1347 4110; x_wconf 92' lang='lat' dir='ltr'><strong>h.</strong></span> <span class='ocrx_word' id='word_1_389' title='bbox 1363 4075 1383 4109; x_wconf 81' lang='lat' dir='ltr'><strong>a</strong></span> 
     </span>
     <span class='ocr_line' id='line_1_72' title="bbox 904 4123 1383 4191; baseline 0.004 -16"><span class='ocrx_word' id='word_1_390' title='bbox 904 4131 978 4175; x_wconf 84' lang='grc' dir='ltr'><strong><em>τοῦτο</em></strong></span> <span class='ocrx_word' id='word_1_391' title='bbox 1002 4125 1033 4175; x_wconf 89' lang='grc' dir='ltr'><strong>δε</strong></span> <span class='ocrx_word' id='word_1_392' title='bbox 1052 4142 1135 4191; x_wconf 84' lang='grc' dir='ltr'><strong><em>γενοιι</em></strong></span> <span class='ocrx_word' id='word_1_393' title='bbox 1160 4123 1196 4178; x_wconf 89' lang='grc' dir='ltr'><strong>ἀν</strong></span> <span class='ocrx_word' id='word_1_394' title='bbox 1212 4123 1383 4186; x_wconf 83' lang='grc' dir='ltr'><strong><em>ἀτοπώτατον,</em></strong></span> 
     </span>
     <span class='ocr_line' id='line_1_73' title="bbox 903 4190 1384 4258; baseline 0.004 -15"><span class='ocrx_word' id='word_1_395' title='bbox 903 4190 1068 4258; x_wconf 83' lang='grc' dir='ltr'><strong><em>θεραπεύειν</em></strong></span> <span class='ocrx_word' id='word_1_396' title='bbox 1086 4197 1135 4245; x_wconf 88' lang='grc' dir='ltr'><strong><em>κτλ.</em></strong></span> <span class='ocrx_word' id='word_1_397' title='bbox 1159 4197 1227 4246; x_wconf 88' lang='lat' dir='ltr'><strong>conf.</strong></span> <span class='ocrx_word' id='word_1_398' title='bbox 1245 4196 1384 4248; x_wconf 87' lang='lat' dir='ltr'><strong>Fritscb.</strong></span> 
     </span>
     <span class='ocr_line' id='line_1_74' title="bbox 904 4262 1384 4328; baseline 0.006 -17"><span class='ocrx_word' id='word_1_399' title='bbox 904 4264 1020 4324; x_wconf 83' lang='lat' dir='ltr'><strong>Quaestt.</strong></span> <span class='ocrx_word' id='word_1_400' title='bbox 1046 4262 1109 4312; x_wconf 88' lang='lat' dir='ltr'><strong>Luc.</strong></span> <span class='ocrx_word' id='word_1_401' title='bbox 1132 4279 1157 4328; x_wconf 93' lang='lat' dir='ltr'><strong>p.</strong></span> <span class='ocrx_word' id='word_1_402' title='bbox 1181 4263 1223 4315; x_wconf 83' lang='lat'><strong>19.</strong></span> <span class='ocrx_word' id='word_1_403' title='bbox 1264 4266 1384 4316; x_wconf 81' lang='lat' dir='ltr'><strong>Eiusdem</strong></span> 
     </span>
     <span class='ocr_line' id='line_1_75' title="bbox 903 4331 1384 4400; baseline 0.012 -21"><span class='ocrx_word' id='word_1_404' title='bbox 903 4332 956 4380; x_wconf 85' lang='lat' dir='ltr'><strong>fere</strong></span> <span class='ocrx_word' id='word_1_405' title='bbox 978 4331 1081 4395; x_wconf 86' lang='lat' dir='ltr'><strong>generis</strong></span> <span class='ocrx_word' id='word_1_406' title='bbox 1098 4337 1160 4382; x_wconf 89' lang='lat' dir='ltr'><strong>sunt</strong></span> <span class='ocrx_word' id='word_1_407' title='bbox 1177 4348 1246 4397; x_wconf 90' lang='lat' dir='ltr'><strong>quae</strong></span> <span class='ocrx_word' id='word_1_408' title='bbox 1264 4334 1339 4400; x_wconf 81' lang='lat' dir='ltr'><strong>attigi</strong></span> <span class='ocrx_word' id='word_1_409' title='bbox 1354 4332 1384 4384; x_wconf 82' lang='lat' dir='ltr'><strong>sd</strong></span> 
     </span>
    </p>
   </div>
   <div class='ocr_carea' id='block_1_8' title="bbox 903 4397 1052 4464">
    <p class='ocr_par' dir='ltr' id='par_1_10' title="bbox 903 4397 1052 4464">
     <span class='ocr_line' id='line_1_76' title="bbox 903 4397 1052 4464; baseline -0.014 -14"><span class='ocrx_word' id='word_1_410' title='bbox 903 4397 1052 4464; x_wconf 65' lang='lat' dir='ltr'><strong>prosc.</strong></span> 
     </span>
    </p>
   </div>
   <div class='ocr_carea' id='block_1_9' title="bbox 0 0 1626 5259">
    <p class='ocr_par' dir='ltr' id='par_1_11' title="bbox 0 0 1626 5259">
     <span class='ocr_line' id='line_1_77' title="bbox 0 0 1626 5259; baseline 0 0"><span class='ocrx_word' id='word_1_411' title='bbox 0 0 1626 5259; x_wconf 95' lang='lat' dir='ltr'><strong> </strong></span> 
     </span>
    </p>
   </div>
  </div>
 </body>
</html>
