3242 5259
483 590 711 651 concusP
686 593 814 651 Ρτοο.
836 593 880 651 ω.
903 593 946 652 ει.
995 545 1008 560 “

1162 596 1222 653 257

206 757 405 833 ἄνθρωπος,
433 752 453 835 ἢ
482 763 598 831 τοῦτο,
629 749 741 818 ὅντινα
760 755 820 838 χρὴ
842 756 964 835 τρόπον
985 759 1058 838 ζῆν,
1087 757 1224 838 πότερον

207 849 259 917 ἐπὶ
287 852 325 914 ὃν
353 850 394 913 σὺ
423 857 618 931 παρακαλεῖς
647 851 719 932 ἐμὲ,
749 852 788 916 τδι
817 858 877 916 τοῦ
906 853 1024 933 ἀνδρὸς
1055 855 1094 937 δὴ
1122 863 1224 919 ταῦτα

206 949 409 1029 προίττοντα,
446 948 580 1031 λέγονταί
614 972 647 1014 τε
687 950 722 1013 ἐν
758 958 802 1031 τῷ
841 951 930 1035 δήμῳ
966 951 1020 1013 καὶ
1051 951 1224 1035 ῥητορικὴν

208 1042 374 1111 ἀσκοῦντα
390 1047 444 1110 καὶ
457 1049 706 1130 πολιτευόμενον
721 1058 839 1112 τοῦτον
854 1052 912 1111 τὸν
926 1050 1056 1129 τρόπον,
1079 1047 1118 1113 ὃν
1134 1051 1225 1132 ὑμεῖς

208 1155 272 1209 νῦν
287 1145 503 1222 πολιτεύεσθε,
523 1145 543 1227 ἢ
562 1143 613 1208 ἐπὶ
629 1146 721 1210 τόνδε
738 1144 795 1209 τδν
811 1148 886 1226 βίον
901 1146 959 1210 τὸν
980 1146 1015 1210 ἐν
1036 1151 1223 1234 φιλοσοφίᾳ,

208 1244 265 1308 καὶ
292 1244 324 1306 τί
350 1245 420 1306 ποτ’
452 1241 537 1306 ἐστὶν
568 1234 664 1318 οὗτος
694 1244 819 1309 ἐκείνου
848 1243 1026 1326 διαφέρων,
1059 1247 1135 1322 ἰ’σως
1164 1243 1225 1310 οὗν

208 1341 374 1420 βέλτιστόν
395 1339 497 1420 ἐστιν,
529 1341 572 1416 ὡς
600 1342 673 1423 ιἄρτι
701 1342 764 1424 ἐγὼ
794 1341 991 1426 ἐπεχείρησα,
1022 1345 1226 1424 διαιρεῖσθαι,
1249 1348 1279 1410 D

208 1437 414 1520 διελομένους
452 1438 486 1502 δὲ
522 1439 577 1502 καὶ
614 1439 877 1523 ὁμολογήσαντας
908 1437 1070 1524 ἀλλήλοις,
1107 1443 1134 1505 εἰ
1161 1439 1226 1505 ἔστι

207 1538 313 1602 τούτω
335 1533 428 1601 διττὼ
448 1537 492 1600 τὼ
513 1538 585 1620 βίω,
615 1534 798 1615 σκέψασθαι
818 1540 849 1602 τί
869 1561 902 1602 τε
924 1537 1113 1620 διαφέρετον
1134 1535 1225 1623 ἀλλή-

207 1640 280 1701 λοιν
309 1633 363 1699 καὶ
389 1633 546 1715 ὁπότερον
573 1636 707 1718 βιωτέον
736 1638 859 1700 αὐτοῖν.
888 1637 965 1712 ἴσως
986 1632 1047 1702 οὖν
1068 1642 1159 1702 οὔπω
1180 1633 1225 1703 οἷ-

208 1739 294 1809 σδα,
328 1734 359 1796 τί
386 1731 477 1814 λέγω.
520 1735 704 1799 ΚΑΛ.οὐ
732 1735 820 1817 δῆτα.
863 1738 940 1799 Σόδ.
964 1729 1052 1799 Ἀλλ’
1083 1735 1145 1818 ἐγώ
1174 1753 1225 1800 σοι

207 1900 283 1951 Bodl.
295 1901 401 1950 Mecum.
413 1900 481 1986 Aug.
495 1906 544 1952 est.
566 1898 615 1985 τὴν
631 1898 783 1968 μαγειρικὴν
800 1897 990 1968 ὀψοποιητικήν
1009 1903 1155 1975 ἐμπειρίαν,
1173 1901 1225 1955 ἀλλ’

208 1966 241 2018 ori
261 1967 367 2051 τέχνην,
386 1969 432 2018 ubi
448 1965 636 2053 ὀψοποιητικήν
654 1986 670 2019 a
686 1969 831 2035 glossatore
848 1972 998 2036 profectum.

208 2054 276 2155 vti
295 2033 551 2156 ἕίντέίληδδ
555 2035 899 2170 tt‘i‘ntt'tntsttt
916 2039 1226 2157 ⁰tffltt¹t0Vt⁰tft

206 2173 268 2224 Bas.
287 2171 311 2222 1.
329 2170 354 2222 2.
383 2171 469 2222 Clark
490 2145 1050 2224 eoisl.vind.2.1³ar.'sscuv.ulons
1069 2190 1089 2224 s.
1107 2193 1132 2224 x.
1151 2176 1224 2260 Βοδ]

206 2242 277 2323 Aug.
295 2241 403 2290 Mcerm.
425 2240 542 2292 dedimus
564 2237 618 2306 μήτ’
643 2231 677 2290 αὖ
700 2241 729 2291 τὰ
752 2237 812 2306 παρ’
836 2241 908 2303 ἐμοῦ.
937 2243 1024 2307 steph.
1049 2244 1154 2308 scripsit
1171 2239 1224 2308 μήτ’

207 2303 275 2358 αὐτὰ
294 2304 353 2372 παρ’
373 2307 448 2367 ἐμοῦ.

261 2375 291 2428 Ο.
327 2372 458 2425 εἰσὶν
443 2381 520 2442 ημῖν
543 2375 574 2425 οἱ
597 2374 702 2444 λόγοι]
733 2378 765 2426 V.
789 2374 852 2442 ἡμῖν
875 2377 945 2427 εἰσιν
968 2357 1144 2429 invitisVen.
1164 2377 1225 2427 ΞΣ

207 2443 288 2492 Vind.
307 2443 331 2494 1.
348 2442 373 2494 2.
390 2441 414 2494 6.
434 2440 458 2494 7.
480 2445 538 2494 Pur.
555 2446 672 2496 FIVW.
690 2445 758 2511 Aug.
776 2446 883 2495 Meerm.
938 2457 941 2461 ’
1319 2454 1322 2459 “

260 2530 277 2577 η
265 2508 349 2560 ἐπὶ
369 2510 463 2560 τόνδε
482 2508 536 2560 τὸν
554 2511 621 2595 β.]
614 2510 656 2562 ἐπὶ
675 2513 782 2564 seclusit
797 2514 930 2580 Hirschig.

259 2572 776 2646 D.Brrroiroisst'or]tm1nst.eph
794 2582 900 2631 excidit

205 2731 284 2796 plior.
304 2727 398 2790 §..450
423 2729 483 2795 Ipse
500 2730 593 2782 eddom
611 2747 692 2782 unum
743 2733 834 2794 habet,
865 2747 911 2782 cur
931 2748 1063 2784 removere
1086 2734 1152 2784 illud
1175 2740 1227 2786 stu-

206 2799 352 2848 ultetumve
363 2799 457 2861 locum,
468 2799 536 2848 unde
548 2807 692 2850 structurae
742 2801 859 2850 desmus

206 2868 276 2916 ratio
300 2872 476 2931 cognoscatur.
509 2867 591 2920 Plut.
574 2870 692 2934 tLegg.
777 2865 810 2917 τὰ
835 2864 1225 2949 τοῦδνδρὸεδὴταῦτα]

206 2935 268 2984 VII.
291 2949 315 2998 p.
339 2933 397 2983 811.
420 2936 458 2984 D.
489 2931 539 2984 οὐκ
562 2932 596 2984 δν
592 2936 692 3019 ἔχοιμι
742 2937 889 3002 Perstringi
910 2936 1053 2987 orationem
1076 2938 1151 2987 illam
1169 2939 1227 2989 cu-

207 2999 603 3066 zoccovpuuovppctgevss
588 3001 692 3068 ηταῦτό
742 3003 811 3054 liclis
841 3020 865 3084 p.
891 3003 949 3054 485.
979 3005 1011 3059 A.
1041 3020 1112 3070 seqq.
1151 3022 1227 3056 nemo

206 3087 233 3119 τε
248 3067 384 3119 διδάσκειν
399 3069 625 3132 παρακελεύεσθαι
642 3072 690 3120 κτλ.
743 3079 782 3122 est
804 3075 867 3136 quin
893 3080 950 3123 sent
940 3073 995 3123 tiat.
1029 3073 1120 3137 Itaque
1139 3073 1195 3140 δή“
1188 3093 1227 3124 m·

206 3139 335 3202 Lysias
351 3137 408 3188 adv.
423 3138 589 3189 Theomnest.
601 3155 626 3203 p.
634 3138 692 3190 140.
743 3141 840 3190 dicium
873 3139 971 3190 facit
963 3142 1076 3202 monice,
1114 3149 1143 3192 ut
1169 3143 1226 3192 Lat.

207 3207 248 3258 ed
267 3206 368 3254 Bromi·
395 3208 421 3254 τί
430 3202 488 3287 γὰρ
514 3204 548 3256 δν
571 3205 691 3256 τούτου
744 3209 896 3269 scilicet,
919 3224 969 3258 usu
986 3209 1123 3272 frequenti
1157 3209 1227 3260 Illud

206 3270 384 3355 ἀνιαρότερον
406 3272 506 3357 γένοιτο
531 3271 601 3340 αὐτῷ
619 3271 635 3338 ἢ
654 3292 691 3324 τε·

207 3340 312 3390 «iudum
339 3341 387 3401 μὲν
416 3338 466 3391 ont
492 3360 544 3391 των
568 3341 691 3405 ἐχθρῶν;

207 3411 327 3459 Pertinet
353 3410 403 3457 huc
432 3411 526 3459 etiem
539 3411 605 3459 Plut.
629 3410 691 3463 erit

206 3494 231 3542 p.
206 3475 293 3542 p44.
312 3476 346 3525 C.
371 3479 453 3526 καίτοι
477 3481 513 3530 τίς
531 3474 565 3525 δν
583 3477 693 3541 αἰσχίων

207 3547 252 3609 εἴη
270 3542 385 3607 ταύτην
405 3543 476 3608 δόξα,
491 3542 507 3611 ἢ
525 3545 614 3595 δοκεῖν
630 3543 692 3611 χρή-

207 3631 275 3673 ματα
303 3611 364 3675 περὶ
395 3614 516 3665 πλείονος
545 3612 692 3675 nescierim

206 3683 249 3730 Dc
278 3680 380 3730 Latinis
406 3696 432 3729 v.
460 3681 634 3732 Heindorf.
660 3653 693 3731 οδ

208 3748 327 3798 Ciceron.
353 3749 393 3798 De
416 3749 476 3799 th.
501 3750 579 3800 Deor.
602 3750 628 3812 1,
653 3749 693 3801 15.

207 3816 278 3916 conf.
297 3831 358 3866 ann.
376 3815 450 3882 adp.
468 3815 526 3868 519.
546 3818 575 3868 O

244 3949 388 4015 πότερον
410 3948 502 4000 ἑτιὶ”
488 3970 525 4003 ον
536 3949 587 4036 uu]
618 3953 651 4001 Η
669 3969 692 4002 o

207 4017 323 4083 πότερον
341 4023 446 4079 τοῦτον,
472 4016 547 4069 ἐπὶ“
532 4035 606 4069 ονσ.
641 4020 693 4069 It-

207 4104 258 4152 que
283 4087 377 4137 deinde
403 4089 504 4151 proprie
529 4086 693 4138 scribendum

206 4157 268 4204 fuit.
301 4151 317 4220 ἢ
341 4152 418 4205 τόνδε
441 4151 487 4204 τόν
509 4156 572 4220 βίον
596 4152 642 4205 τδι
665 4154 694 4204 ἐν

208 4224 363 4302 φιλοσοφίᾳ,
387 4222 433 4272 ubi
450 4227 537 4272 tumen
555 4222 598 4272 ἐπὶ
616 4223 693 4273 infer·

207 4297 258 4352 tur,
276 4291 354 4355 quusi
367 4292 561 4355 praecessisset.
579 4288 693 4356 πότερον

208 4328 258 4419 ἐμὲ,
281 4360 440 4422 παρακαλεῖς
467 4357 509 4408 ἐπὶ
536 4363 629 4409 τοῦτον
650 4388 692 4410 -.

207 4426 364 4478 Cuiusmodi
409 4424 584 4487 anacoluthon
626 4428 692 4477 nihil

232 4513 560 4579 rotomnam

743 3280 821 3326 ταῦτα
845 3274 989 3338 πράττοντα
1013 3276 1159 3326 declaratur
1184 3278 1227 3326 de-

742 3344 803 3394 inde
826 3344 973 3393 accuratius
995 3342 1094 3392 verbis:
1121 3343 1227 3409 λέγοντά

744 3429 769 3462 τε
794 3409 825 3460 ἐν
843 3415 877 3478 τῷ
896 3408 967 3476 δήμῳ
986 3429 1007 3459 κ.
1027 3429 1045 3459 τ.
1064 3411 1098 3468 λ,
1125 3412 1226 3476 dequo

743 3464 937 3545 participiorum
962 3479 1145 3529 coniunctione
1172 3496 1226 3530 sue-

743 3549 802 3630 pius
819 3547 918 3596 dictum
935 3553 982 3596 est.

778 3612 870 3679 ἧόπὶ
891 3611 989 3664 τόνδε
1007 3613 1062 3664 τδν
1079 3615 1153 3678 βιον
1171 3611 1226 3663 τόν

745 3681 781 3731 ἐν
778 3634 1008 3765 ηφιλοσοφιρι]
1038 3683 1068 3731 In
1094 3698 1145 3732 uno
1169 3683 1226 3733 cod.

744 3749 855 3799 alterum
878 3745 924 3799 τὸν
946 3752 1026 3800 obest.
1061 3751 1140 3800 Male
1175 3751 1225 3801 Sed

744 3820 847 3882 saepius
871 3818 951 3867 hoc
943 3836 970 3867 m
994 3834 1088 3883 genere
1105 3824 1225 3868 erratum.

743 3886 953 3950 Xenophont.
972 3887 1078 3936 Hieron.
1099 3888 1120 3935 Ι.
1143 3889 1165 3947 5.
1185 3885 1225 3936 18.

744 3955 894 4004 etiamnunc
928 3955 1121 4004 circumfertur.
1163 3952 1226 4006 ὥστε

744 4020 821 4086 τσότη
837 4027 943 4085 πρῶτον
961 4026 988 4086 τῇ
997 4018 1164 4106 εὐφροσύνῃ
1183 4027 1226 4086 τῆς

744 4089 849 4141 ἐλπιδος
858 4095 1035 4148 μειονεκτοῦσι
1045 4107 1096 4138 των
1105 4088 1225 4144 ἰδιωτῶν,

743 4159 789 4206 ubi
817 4158 924 4240 procul
932 4157 1011 4206 dubio
1034 4157 1225 4241 reponendum:

744 4229 773 4290 τῇ
801 4221 957 4288 εὐφροσύνῃ
988 4230 1016 4290 τῇ
1044 4230 1087 4290 τῆς
1113 4224 1224 4277 ἐλπιᾝδσε

744 4292 845 4341 Deinde
871 4290 945 4341 ἐστὶι
970 4290 1107 4356 διαφέρων
1129 4293 1225 4342 dictum

743 4376 789 4424 pro
808 4358 975 4424 διαφέρειν
976 4361 1034 4409 ,αδ
1051 4361 1182 4410 Phaedon.
1201 4378 1225 4425 p.

744 4427 801 4478 158.
821 4429 881 4479 coll.
898 4430 964 4478 Ast.
982 4429 1016 4476 ud
1032 4429 1114 4494 Legg.
1132 4445 1156 4492 p.
1167 4427 1225 4479 212.

903 4527 1023 4632 ,17
