3242 5259
341 613 398 666 roe
494 634 499 638 -
689 578 945 665 ἰιιιοιιις

339 769 417 848 ὅπερ
443 767 497 832 καὶ
518 770 648 843 κάκιον,
677 770 713 831 τὸ
742 767 941 842 ἀδικεῖσθαι,
970 767 1061 851 νόμῳ
1089 764 1124 830 δὲ
1152 766 1190 829 τδ
1222 764 1352 828 ἀδικεῖν.

276 870 304 933 Β
339 865 415 929 οὐδὲ
435 865 497 947 γὰρ
517 866 634 945 ἀνδρὸς
662 865 758 928 τοῦτό
786 867 816 944 μ’
846 862 911 928 ἐστὶ
936 864 972 928 τὸ
993 864 1147 946 πάθημιι,
1174 862 1214 927 τὸ
1240 863 1353 926 ἀδικεῖ

340 969 426 1042 σθαι,
454 959 518 1028 ἀλλ’
540 963 748 1044 ἀνδραπόδου
768 962 872 1037 τινός,
901 950 928 1044 ᾧ
948 962 1093 1042 κρεῖττόν
1112 959 1179 1024 ἐστι
1198 960 1354 1024 τεθνάναι

339 1061 359 1143 ἢ
389 1065 466 1144 ζῆν,
509 1059 592 1135 ὅςτις
629 1061 840 1140 ἀδικούμενος
868 1060 922 1123 καὶ
959 1058 1278 1142 προπηλακιζόμενος
1312 1057 1354 1140 μὴ

340 1151 442 1234 οἷόςτε
463 1157 549 1222 ἐστὶν
570 1159 667 1234 αὐτὸς
688 1158 774 1239 αὐτῷ
796 1159 940 1239 βοηθεῖν,
962 1155 1040 1239 μηδὲ
1057 1160 1155 1241 quq,
1176 1147 1218 1220 οὗ
1239 1155 1281 1220 ἂν
1301 1159 1354 1240 κή-

339 1258 440 1338 δηται.
462 1249 538 1332 ἀλλ’,
561 1251 660 1339 οἶμαι,
682 1257 715 1320 οῖ
733 1252 893 1337 τιθέμενοι
913 1254 990 1328 τοὺς
1010 1253 1133 1334 νόμους
1154 1254 1186 1318 οῖ
1206 1255 1355 1329 ἀσθενεῖς

338 1354 511 1434 ἄνθρωποί
539 1355 597 1417 εἰσι
616 1355 671 1419 καὶ
691 1354 724 1418 οἱ
750 1353 872 1418 πολλοί.
900 1353 981 1434 πρὸς
1007 1351 1126 1426 αὐτοὺς
1154 1346 1218 1416 οὖν
1245 1352 1354 1417 καὶτὸ

339 1452 451 1525 αὐτοῖς
471 1450 639 1534 συμφέρον
658 1451 736 1525 τοῦς
755 1472 787 1514 τε
809 1453 931 1533 νόμους
942 1451 1086 1514 τίθενται
1106 1449 1255 1526 καὶτοὺς
1270 1449 1355 1515 έπαῖ-

291 1549 318 1617 G
340 1572 420 1623 νονς
441 1546 608 1614 ἐπαινοῦσι
628 1549 681 1613 καὶ
701 1549 777 1623 τοῦς
798 1548 923 1630 ψόγους
943 1544 1113 1629 ψέγουσιν·
1136 1545 1354 1631 ἐκφοβοῦντος

339 1647 416 1722 τοῦς
435 1643 726 1730 ἐρρωμενεστέρους
755 1649 821 1710 τῶν
842 1645 1029 1728 ἀνθρώπων
1048 1644 1101 1709 καὶ
1122 1645 1287 1722 δυνατοὺς
1305 1651 1354 1711 όν

391 1859 421 1908 Β.
457 1855 526 1907 ἐστι
551 1854 729 1924 τεθνάναι]
765 1857 797 1908 V.
819 1858 925 1908 inverso
949 1854 1189 1907 ordine'terivoirut
1212 1855 1298 1916 ἐστίν,
1320 1873 1355 1908 ιε

341 1924 503 1976 luctantibus
521 1925 608 1976 Clark.
632 1926 691 1976 Vat.
714 1925 779 1976 Ven.
804 1926 859 1977 ΞΣ.
878 1925 956 1976 vind.
977 1895 1353 1976 2-.o.‘1.Par.V.1·*10'r.x.

393 1994 421 2043 O.
441 1991 673 2058 ἐκφοβοῦντος
692 1991 774 2060 τοὺς]
793 1993 910 2058 sevulgo
925 1998 984 2058 post
1001 1992 1187 2059 ἐκφοβοῦντος
1199 1993 1353 2044 inoulestum

341 2076 390 2110 om.
408 2061 497 2111 Clark.
514 2062 572 2111 Vei.
590 2060 666 2111 Vind.
686 2059 709 2110 1.
728 2060 751 2115 6,
770 2063 827 2111 Per.
845 2061 976 2111 BOEFI.
994 2061 1064 2111 Flor.
1083 2061 1255 2112 ambofm.
1267 2078 1290 2111 ο.
1301 2078 1352 2114 ιι.

341 2128 414 2180 Βοι11.
437 2130 543 2180 Meerm.
578 2129 743 2179 Findeisenio
766 2128 864 2179 voouls
886 2128 1040 2179 oolloesnda
1061 2128 1201 2179 videbatur
1222 2135 1283 2194 post
1306 2135 1352 2180 ιῦν

341 2192 504 2260 ἀνθρώπων.
544 2197 599 2247 imo
623 2213 653 2247 ea
677 2199 781 2248 omnino
804 2196 945 2247 omittenda
966 2197 1031 2258 fuit,
1059 2196 1273 2262 quandoquidem
1294 2198 1352 2248 haee

341 2266 506 2330 praecedent
498 2281 552 2316 rum
569 2267 706 2316 verborum
723 2265 892 2316 111ιιιιιιιίοιι1
909 2265 1063 2348 inserviunt,
1081 2264 1189 2330 perinde
1207 2281 1239 2319 ee
1256 2267 1281 2316 si
1297 2267 1352 2316 sori·

340 2339 413 2398 pium
429 2334 543 2400 legetur:
562 2332 743 2398 ἐκφοβοῦντες
760 2329 820 2399 γὰρ
840 2330 900 2386 τοὺς
917 2328 988 2398 ἐβρᾌ
1006 2337 1036 2383 ut
1052 2348 1142 2383 rursus
1158 2332 1249 2384 losum
1264 2335 1353 2384 hebent

341 2402 469 2467 oppositio
485 2402 534 2452 illa
550 2403 644 2467 integri
662 2402 791 2451 enuntiati
808 2402 885 2451 toties
902 2418 918 2450 ιι
935 2401 1030 2451 criticis
1047 2406 1074 2451 et
1089 2403 1270 2467 grammaticis
1291 2402 1353 2452 male

341 2469 470 2536 neglecta.
497 2470 579 2536 Igitur
597 2476 656 2520 unte
675 2469 880 2534 ἐκφοβοῦντες
872 2486 900 2518 ιιι
917 2469 1005 2519 looum
1022 2470 1158 2520 commatis
1174 2468 1353 2521 substituimus

341 2538 417 2588 oolon
435 2539 504 2603 quod
522 2538 624 2588 dieitur.

302 2620 307 2637 .
393 2603 532 2672 ἠδέγε,
550 2599 654 2666 οἶμαι
675 2603 789 2671 φύσις]
825 2605 930 2655 Meerm.
949 2600 1013 2670 ηδε
1030 2622 1059 2670 με
1079 2601 1172 2667 φυσις
1191 2598 1274 2668 οἶμαι.
1308 2604 1352 2656 Seu

342 2804 420 2853 quem
446 2789 500 2853 peti
527 2803 580 2838 non
608 2788 723 2838 modot
713 2789 821 2853 turpius,
872 2787 983 2852 pulus,
974 2805 1003 2838 ιιι
1007 2787 1089 2872 “libro
1103 2769 1260 2873 cognomine
1272 2805 1348 2908 p
1318 2787 1353 2840 11.

342 2857 432 2906 sedt
406 2856 485 2905 etiem
502 2856 576 2936 peius
591 2872 648 2907 esee
658 2856 824 2906 rudroaretur
874 2857 911 2906 E:
922 2853 967 2906 ὅτι
984 2854 1049 2922 αὕτη
1067 2854 1142 2906 ἐστὶν
1151 2852 1253 2939 ανδρδς
1292 2855 1354 2940 ρςτή,

343 2925 384 2974 lte
401 2923 471 2973 olere
487 2924 575 2974 omnio
600 2930 661 2974 suut
678 2930 704 2973 et
727 2925 825 2989 perspi·
875 2921 969 2974 ἱκανὸν
986 2920 1091 2976 εἶναι
1067 2942 1096 2974 τοι
1107 2929 1151 2990 τῆς
1162 2921 1267 2979 πόλεως
1279 2923 1353 2990 κράτ-

344 3007 391 3041 ous
408 3007 492 3056 neque
509 3007 574 3056 opus
600 2997 652 3055 est,
676 2996 705 3042 ut
694 2992 765 3042 tvel
783 2993 825 3042 lit·
876 3009 929 3042 τςιν
962 2992 1005 3042 καὶ
1030 2990 1179 3076 πράιιοντα
1214 2990 1277 3047 toris
1312 2993 1355 3054 μέν

343 3059 452 3110 torulum
485 3058 544 3109 looo
584 3074 631 3109 suo
665 3075 824 3112 moveamus.

343 3128 422 3178 Seeus
439 3132 524 3177 tamen
542 3126 640 3178 Aetio
656 3127 757 3190 visum,
779 3128 824 3191 qui

342 3194 448 3251 Platoni
477 3201 564 3245 censet
589 3196 639 3245 hoo
668 3212 723 3246 esse
752 3196 824 3245 rosti-

342 3261 478 3313 inondum:
502 3259 639 3314 Πώλου
615 3280 642 3313 το
660 3260 722 3314 κατὰ
740 3259 825 3327 φύσιν

343 3331 445 3394 αἴσχιον
468 3329 586 3413 λέγοντος
611 3328 643 3381 οὐ
669 3328 715 3381 τόν
742 3328 825 3391 νόμον

344 3397 496 3452 durqueres
522 3397 600 3462 φόοςι
628 3396 678 3465 γὰρ
708 3417 730 3449 κ.
754 3417 774 3448 ι
801 3401 822 3448 1.

343 3468 473 3533 Deinceps
496 3463 523 3516 τὸ
541 3463 690 3517 ἀδικεῖσθαι
714 3467 825 3532 pertinet

343 3534 376 3584 ed
392 3551 570 3617 praegressum
585 3540 638 3584 πᾶν
655 3549 738 3599 neque
759 3549 825 3600 opus

342 3607 390 3664 est,
407 3608 437 3652 ui
455 3610 515 3652 ante
533 3598 560 3652 τὸ
578 3599 729 3653 ἀδικεῖσθαι
746 3602 825 3652 inter·

341 3676 452 3750 ponatur
469 3666 535 3719 οἶον.
575 3672 719 3721 Haeremus
736 3676 824 3720 temen

341 3740 369 3787 in
392 3739 443 3789 isto
467 3742 532 3795 πᾶν,
562 3739 629 3801 quod
656 3739 715 3788 vide
739 3754 773 3788 sn
795 3739 823 3785 in

343 3810 422 3856 πᾶσιν
439 3805 590 3855 mutandum
609 3808 649 3859 sit.
681 3806 752 3855 Idem
771 3806 825 3870 Sy-

342 3872 465 3924 brsndo
492 3874 520 3922 in
537 3879 649 3923 mentem
666 3875 768 3924 venisse
787 3874 825 3922 xi·

342 3942 438 3994 demus.
470 3941 654 4006 Wagnerus
673 3943 738 3994 eoni.
758 3937 824 3990 πάν-

343 4027 398 4061 τως
434 4009 552 4059 Ceterum
580 4010 667 4059 inanis
696 4016 736 4059 est
763 4025 824 4059 oon·

164 4092 167 4097 ·
267 4134 269 4139 .
342 4077 440 4127 ieoturs
457 4076 606 4128 Dobruei
627 4077 823 4130 AdversarT.

342 4143 401 4209 I.p
403 4142 493 4197 ..153
510 4147 590 4195 verbu
614 4142 642 4196 τὸ
664 4140 823 4202 ἀδικεῖσθαι,

344 4160 414 4276 νόμΡῳ
439 4211 512 4261 δὲ
491 4230 518 4262 το
544 4210 644 4263 ἀδικεῖν
669 4213 824 4265 eiiciendum

343 4279 467 4341 putantis.

375 4347 404 4398 B
424 4343 505 4398 ουδε
528 4345 588 4414 γὰρ
608 4346 735 4412 ἀνδρὸς
754 4366 823 4397 ιου-

344 4430 376 4462 ιο
373 4409 427 4483 'y']
447 4415 489 4465 sie
506 4417 598 4480 Meno,
618 4417 729 4485 Gorgiae
747 4416 823 4466 disei-

875 3061 970 3123 φίλους
1010 3077 1041 3110 εν
1085 3066 1185 3118 ποιεῖν,
1229 3060 1292 3114 τοὺς
1334 3057 1354 3110 δ’

875 3126 992 3193 ἐχθροὺς
1010 3133 1102 3188 κακῶς,
1121 3128 1165 3178 καὶ
1184 3125 1269 3180 αὐτὸν
1285 3125 1354 3180 siru-

875 3197 985 3260 βεῖοθαι
1010 3194 1094 3261 μηδὲν
1111 3200 1232 3246 τοιοῦτον
1249 3199 1354 3254 παθιῖν,

875 3263 963 3316 ιι1ιίι.
982 3269 1070 3314 annot.
1114 3264 1160 3314 Ait
1181 3263 1265 3330 igitur
1282 3265 1356 3317 culi-

875 3333 929 3382 oles
946 3347 998 3380 non
1022 3347 1079 3382 esse
1096 3331 1146 3382 viri
1168 3331 1284 3384 iniurias
1297 3333 1357 3398 peti,

875 3401 920 3451 sed
937 3399 1014 3462 servi,
1031 3399 1075 3450 eui
1092 3399 1157 3450 mori
1174 3416 1257 3464 quum
1272 3401 1357 3451 virere

875 3469 958 3518 satius
975 3468 1025 3528 sit,
1049 3467 1112 3531 quis
1133 3482 1184 3517 neo
1202 3469 1256 3518 sibi
1272 3469 1356 3519 illotas

875 3535 985 3585 iniuriae
1008 3503 1234 3600 e'ontumeliasque
1257 3536 1358 3602 propul-

874 3620 932 3655 sere
948 3602 1031 3683 possit
1047 3618 1095 3652 neo
1113 3603 1169 3653 suis
1187 3604 1319 3669 opitulari.
1361 3637 1364 3648 ·

909 3689 940 3720 οι
936 3667 1167 3730 ’τιθέμενοιτ
1187 3670 1220 3738 m]
1245 3671 1357 3723 Eaedem

875 3738 1048 3804 sophistarum
1073 3738 1209 3802 opiniones
1226 3739 1358 3791 illustren-

875 3812 918 3856 tur
945 3807 986 3856 De
1009 3804 1216 3872 Reubil
1245 3805 1358 3862 3833.

874 3875 949 3938 IIp
951 3871 1034 3926 ..358
1047 3821 1088 3924 ph}
1112 3889 1176 3939 seqq
1177 3823 1292 3942 .pLegg.
1314 3875 1357 3925 IV

874 3958 899 4006 p.
923 3939 980 3992 714.
1004 3941 1033 3994 G.
1057 3941 1090 3995 D.
1126 3968 1157 3979 -
1196 3944 1357 3994 τίθεσθαι

877 4007 1000 4069 νόμους
1035 3998 1156 4059 dicuntur
1198 4010 1255 4091 qui
1289 4011 1358 4076 leges

874 4078 974 4140 ferunt,
995 4077 1090 4141 quibus
1117 4082 1143 4126 st
1167 4077 1220 4142 ipsi
1252 4077 1360 4129 obnoxii

875 4146 929 4194 sint
956 4150 1033 4209 etque
1068 4151 1190 4209 pereant,
1227 4145 1360 4197 τιθέναι

878 4209 1000 4272 νόμους
1025 4217 1113 4262 eurem
1136 4212 1182 4277 qui
1208 4213 1270 4264 aliis
1290 4215 1360 4280 leges

875 4279 1055 4342 scribuntur,
1073 4280 1127 4330 ut
1118 4289 1238 4345 rpsorum
1255 4281 1359 4333 libertus

874 4349 928 4398 illis
962 4364 1015 4397 non
1051 4348 1280 4400 circumscribetur
1316 4356 1360 4402 sut

875 4415 1032 4468 cohibeatur.
1056 4416 1148 4484 Itaque
1163 4415 1197 4470 ie
1210 4416 1359 4484 hominihus
