3242 5259
349 608 410 664 ιιι
765 601 961 686 eusicius

350 765 463 848 ἑτέραν
490 766 626 849 ήόονῆςι
665 769 768 829 ΚΑΛ.
800 768 878 841 Πάς
904 765 967 847 γὰρ
997 769 1055 841 οὒς
1092 766 1172 828 ΣΩ.
1205 762 1289 845 Φέρε
1314 764 1361 847 δή,

350 865 438 938 ὅπως
457 865 685 945 μεμνησόμεθα
704 873 823 940 ταῦτα,
854 864 903 927 ὅτι
925 866 1107 945 Καλλικλῆς
1125 859 1192 945 ,ἔφη
1215 862 1235 926 ὑ
1255 866 1361 944 'Azao

351 963 425 1036 νεὺς
452 961 515 1044 ήδὺ
542 960 601 1043 μὲν
628 960 681 1025 καὶ
711 960 839 1042 άγαθόν
866 961 986 1026 ταὺτόν
1006 955 1106 1036 εἶναι,
1136 957 1315 1043 ἐπιστήμην
1332 957 1362 1022 ὑὲ

351 1058 404 1125 καὶ
439 1059 592 1140 ἀνδρείαν
628 1058 683 1122 καὶ
718 1059 864 1142 άλλήλων
900 1059 954 1123 καί
989 1069 1048 1122 τοῦ
1086 1059 1222 1138 άγαθοῦ
1252 1055 1363 1139 ἕτερον.

353 1160 457 1221 ΚΑΛ.
486 1157 662 1239 Σωκράτης
687 1156 720 1220 δέ
749 1178 785 1238 γε
811 1158 890 1239 ήμῖν
917 1157 936 1221 ὁ
962 1154 1197 1239 Ἀλωπεκῆθεν
1218 1156 1278 1238 οὑχ
1297 1157 1364 1238 ὁμο

352 1260 442 1336 λογεῖ
459 1266 575 1318 ταῦτα·
605 1254 626 1336 ῆ
648 1253 799 1336 ὁμολογεῖ
806 1282 816 1331 ,·
837 1259 912 1319 >ssa
938 1256 1005 1336 Οὐχ
1025 1255 1179 1336 ὁμολογεῖ
1186 1274 1194 1287 ·
1228 1247 1317 1336 οἶμαι
1334 1251 1364 1316 δέ

301 1357 331 1423 Ε
352 1375 388 1435 γε
410 1352 484 1417 οὐδὲ
507 1355 704 1434 Καλλικλῆς,
732 1353 809 1416 ὅταν
838 1352 935 1426 αὑτὸς
956 1352 1058 1417 αὑτὸν
1077 1353 1237 1434 θεάσηται
1256 1351 1365 1434 ὀρθῶς.

352 1450 419 1514 elui
436 1452 499 1532 γάρ
513 1473 578 1532 μοι,
599 1450 675 1524 τοὺς
689 1445 724 1514 εὑ
740 1452 939 1530 πράττοντας
959 1455 1027 1524 τοῖς
1046 1455 1154 1526 κακῶς
1174 1450 1366 1533 πράττουσιν

354 1550 394 1612 οὑ
422 1548 615 1611 τούναντίον
635 1547 706 1629 ήγεῑ
726 1550 833 1623 πάθος
853 1545 1069 1625 πεπονθέναι;
1109 1551 1218 1611 ΚΑΛ.
1237 1541 1365 1630 Ἔγωγε.

354 1648 428 1709 Edi.
444 1633 514 1726 Ἆρ’
531 1639 602 1723 οὑν,
620 1645 707 1726 ε’ίπερ
723 1643 853 1709 ἐναντία
867 1644 932 1709 ἐστὶ
949 1656 1050 1709 ταῦτα
1066 1646 1229 1729 ἀλλήλοις,
1248 1647 1366 1728 ἀνάγκη

355 1742 427 1824 περὶ
456 1745 564 1807 αὑτῶν
591 1740 672 1825 ἔχειν
700 1741 802 1825 ὥςπερ
832 1746 903 1823 περὶ
932 1744 1054 1826 ὑγιείας
1081 1739 1143 1826 ἔχει
1171 1743 1229 1808 καὶ
1251 1745 1365 1818 νόσους

357 1842 398 1904 οὑ
426 1839 489 1922 γάρ
518 1840 584 1923 άμα
612 1842 719 1923 δήπου
747 1842 886 1924 ὑγιαίνει
905 1863 938 1904 τε
958 1841 1013 1905 καὶ
1032 1845 1124 1905 νοσεῖ
1141 1840 1161 1905 ὁ
1181 1846 1365 1921 ἄνθρωπος,

357 1939 432 2003 οὐδὲ
460 1939 526 2021 άμα
554 1939 784 2003 άπαλλάττεται
813 1939 935 2020 ὑγιείας
963 1961 996 2003 τε
1023 1937 1077 2002 καὶ
1102 1940 1218 2004 νόσου.
1270 1942 1366 2002 ΚΑΛ.

358 2040 435 2111 Πῶς
460 2035 574 2118 λέγειςς
613 2039 689 2100 Σάι.
722 2030 803 2101 Οἷον
822 2036 892 2117 περὶ
916 2036 994 2101 ὅτου
1015 2038 1125 2118 βούλει
1144 2047 1208 2101 τοῦ
1229 2033 1367 2120 σώματος

273 2140 335 2204 496
356 2134 533 2215 ὑπολαβὼν
563 2136 683 2200 σκόπει.
712 2140 803 2199 νοσεῖ
821 2156 887 2198 που
908 2135 1084 2215 ἄνθρωπος
1103 2134 1319 2219 ὀφθαλμούς,
1345 2124 1366 2218 ᾧ

358 2236 462 2315 ὄνομα
482 2233 666 2314 ὀφθαλμίας
698 2235 801 2295 ΚΑΛ.
825 2235 902 2306 Πῶς
921 2231 984 2313 γάρ
1005 2236 1063 2308 οὑς
1093 2235 1171 2296 ΣΩ.
1198 2235 1249 2298 oc
1270 2235 1366 2318 δήπου

358 2330 411 2393 καὶ
427 2331 564 2412 ὑγιαίνει
579 2352 615 2411 γε
630 2329 695 2411 άμα
709 2329 786 2404 τοὺς
800 2331 934 2405 αὑτοὺς;
957 2332 1060 2393 ΚΑΛ.
1086 2324 1165 2394 Οὐδ’
1186 2331 1365 2407 ὑπωςτιοὺν.

360 2431 433 2490 Est.
472 2428 511 2490 Τί
538 2426 589 2503 62¹3
622 2428 700 2491 ὅταν
728 2437 784 2510 τῆς
813 2427 998 2510 ὀφθαλμίας
1026 2428 1286 2512 ἀπαλλάττηται,
1313 2418 1365 2510 ἆρα

410 2611 444 2660 D.
485 2611 548 2675 ἔφη
575 2607 589 2660 ὁ
615 2607 805 2676 Ἀχαρνεύς]
838 2607 852 2660 ὑ
878 2627 927 2662 om.
951 2610 1040 2662 Clark.
1064 2611 1124 2663 vat.
1149 2612 1235 2664 Goisl.
1258 2612 1364 2665 vinut

360 2680 418 2730 Par.
436 2678 640 2728 BCEFIVW.
664 2680 733 2729 Flor.
746 2695 769 2729 a.
780 2681 804 2728 b.
819 2679 866 2730 cf.
884 2695 918 2728 m.
936 2695 957 2728 s.
974 2679 1056 2743 Bodl.‚
1074 2678 1144 2744 quod
1162 2681 1255 2733 Herm.
1272 2683 1364 2748 recepit

361 2746 422 2810 quia
439 2747 563 2796 articulus
581 2752 640 2796 ante
657 2762 783 2812 pagorum
799 2748 906 2796 nomina
922 2749 1020 2813 passim
1037 2749 1181 2803 omittatur.

413 2847 509 2963 Klitai.
540 2845 721 2912 Σωκράτην
748 2846 784 2896 δέ
807 2866 843 2915 γε
865 2847 917 2917 -]
951 2850 1053 2900 Mutai’i
1080 2838 1255 2917 personarum
1284 2857 1363 2920 partes

361 2930 491 2965 uanno.

412 3015 442 3064 P.
460 3011 519 3064 496.
554 3019 650 3063 νοσεῖ
666 3032 726 3064 που
745 3013 942 3084 ἄνθρωπον]
961 3019 993 3068 V.
1009 3015 1157 3084 ἅνθρωποι
1175 3021 1282 3090 legitur.
1297 3019 1312 3073 d
1328 3019 1364 3072 ἄν·

362 3083 474 3146 θρωποε
490 3083 550 3132 Par.
567 3082 599 3132 V.
627 3082 725 3147 Scripsi
741 3080 895 3148 ἄνθρωπον.

396 3251 429 3300 D.
465 3247 512 3300 ὅτι
534 3249 717 3317 Καλλικλῆς
742 3248 841 3317 ἔφηὸ
894 3252 1287 3320 ιηεὺέγεκ.ι.λ.,εοιιοιετίει
1304 3252 1366 3310 τοῦτο’

362 3314 536 3381 Ἀχαρνεὺς
554 3337 576 3368 κ.
596 3337 614 3368 ι.
633 3317 669 3384 λ]
693 3319 781 3369 Iocose
799 3319 842 3369 ad·
896 3337 961 3387 φησι
990 3322 1133 3390 Καλλικλῆς
1160 3323 1216 3377 κατ’
1245 3325 1368 3390 ὑγιάτην

363 3387 401 3435 dit
422 3401 517 3435 nomen
534 3387 607 3452 pagi,
633 3387 701 3436 unde
720 3387 843 3437 Callicles
895 3387 1070 3452 Συκοάιονει
1090 3409 1172 3456 quam
1189 3397 1315 3448 rationem
1331 3409 1368 3446 cur

363 3453 487 3505 oriundus
499 3461 566 3504 crat:
586 3453 654 3519 quod
669 3453 726 3503 fieri
743 3454 844 3506 solebat
893 3473 1040 3521 perversam
1086 3460 1247 3514 iudicaverit
1284 3465 1368 3514 Hein-

362 3525 390 3572 in
413 3521 560 3571 foederibus
581 3522 731 3588 iungendis,
760 3524 844 3587 pactis
894 3524 1037 3588 dorfius‚
1051 3528 1173 3591 equidem
1185 3547 1241 3581 non
1250 3546 1368 3596 assequor.

363 3589 497 3651 faciendis,
511 3590 641 3655 suffragiis
653 3589 773 3652 ferendis,
787 3607 844 3655 pse·
894 3609 919 3642 v.
937 3594 1239 3653 Schlcicrmacher.
1264 3600 1297 3650 ad
1318 3597 1368 3648 lul.

362 3657 508 3722 phismatis,
525 3657 585 3707 aliis
601 3657 713 3721 publicis
731 3659 844 3724 negotiis
894 3677 919 3726 p.
936 3658 994 3714 490.

362 3727 392 3774 in
408 3724 505 3774 iudicio
517 3731 561 3775 aut
573 3725 743 3775 concionibus
760 3732 844 3776 trans·
928 3729 959 3777 E.
993 3726 1072 3778 ὅταν
1093 3726 1197 3786 αὑτὸς
1215 3730 1318 3785 αὑτὸν
1333 3729 1369 3798 θ]

363 3791 473 3857 igendis.
499 3792 572 3841 θοαί.
586 3792 703 3858 Sympos.
722 3795 757 3843 in.
774 3795 845 3844 Thu·
895 3796 929 3845 H.
944 3812 966 3845 c.
984 3797 1012 3846 si
1029 3797 1159 3860 quidem
1177 3803 1370 3852 seutentiam

315 3862 324 3872 “
364 3858 567 3925 cyd.VlI,10:
593 3857 729 3923 πατρόθεν
750 3860 844 3911 dravo·
895 3878 985 3913 suam
1019 3863 1228 3931 diligentius
1264 3869 1371 3920 exami-

364 3925 456 3990 μάζων
475 3927 517 3976 καί
538 3925 626 3990 φνλ“ν
643 3946 665 3977 κ.
685 3946 702 3976 τ.
722 3930 741 3976 λ.
895 3931 1037 3980 noverit

400 3947 740 4061 Σωκράιηεόέγε-]
758 3996 845 4061 Vulgo
929 3999 958 4046 Ρ.
975 3995 1034 4050 496.
1059 4000 1089 4050 Β.
1120 3995 1197 4051 Ἀλλ’
1221 4003 1260 4053 ἐν
1281 4003 1387 4068 μέρει·

365 4061 429 4111 haec
452 4062 485 4112 ad
503 4062 615 4113 Socratis
637 4065 779 4115 orationem
795 4070 846 4113 tra·
896 4058 1001 4132 οἶμαι]
1025 4065 1056 4115 ἐν
1073 4066 1147 4130 μέρει
1164 4075 1220 4121 cst:
1238 4071 1371 4122 alternis

365 4129 474 4191 huntur,
500 4131 618 4195 proxima
643 4138 730 4181 autem
755 4131 846 4180 distin·
896 4133 1046 4196 vicibus,
1064 4140 1094 4184 ut
1110 4152 1198 4202 saepe.

365 4204 480 4260 guantur
512 4199 562 4247 sic:
595 4227 628 4236 -
663 4197 679 4263 ή
712 4195 844 4264 ὀμολογεῐ;
930 4198 1372 4270 άματεάκ.-νιαίὺμυέγει]

368 4265 456 4315 ΚΑΛ.
483 4262 534 4329 Οὐχ
549 4262 677 4332 ὁμολογεῖ.
715 4265 769 4315 ΣΩ.
799 4260 845 4316 Ol·
898 4269 941 4317 sic
952 4265 1003 4327 ἅμα
1014 4271 1152 4335 repetitum
1163 4289 1227 4325 mcx
1242 4290 1268 4340 p.
1279 4273 1335 4326 497.
1345 4275 1371 4322 Δ.

367 4346 410 4388 μαι
428 4331 457 4380 δέ
473 4350 502 4398 γε
515 4331 578 4383 οὑδὲ
593 4335 622 4383 Κ.
643 4353 663 4383 κ.
685 4353 702 4383 ι.
721 4337 741 4382 λ,
765 4337 846 4384 Recte
931 4336 993 4401 Gap.
1010 4337 1054 4387 LI.
1083 4339 1113 4392 0.
1145 4337 1228 4391 αὑτὺ
1247 4342 1328 4409 λέγω
1344 4339 1371 4390 τὸ

368 4397 417 4446 iam
435 4401 585 4450 scholiastes
597 4401 716 4451 adhaec:
736 4400 846 4466 Σιοκρά-
897 4405 1032 4470 πεινῆν]
1050 4407 1085 4456 Η.
1100 4423 1125 4469 e,
1142 4408 1261 4459 famem
1278 4411 1371 4476 ipsam
