<?xml version="1.0" encoding="UTF-8"?>
<!DOCTYPE html PUBLIC "-//W3C//DTD XHTML 1.0 Transitional//EN"
    "http://www.w3.org/TR/xhtml1/DTD/xhtml1-transitional.dtd">
<html xmlns="http://www.w3.org/1999/xhtml" xml:lang="en" lang="en">
 <head>
  <title>
</title>
<meta http-equiv="Content-Type" content="text/html;charset=utf-8" />
  <meta name='ocr-system' content='tesseract 3.04.00' />
  <meta name='ocr-capabilities' content='ocr_page ocr_carea ocr_par ocr_line ocrx_word'/>
</head>
<body>
  <div class='ocr_page' id='page_1' title='image "./platonisgorgias02platgoog_0298.png"; bbox 0 0 3242 5259; ppageno 0'>
   <div class='ocr_carea' id='block_1_1' title="bbox 343 610 950 691">
    <p class='ocr_par' dir='ltr' id='par_1_1' title="bbox 343 610 950 691">
     <span class='ocr_line' id='line_1_1' title="bbox 343 610 950 691; baseline 0.012 -28"><span class='ocrx_word' id='word_1_1' title='bbox 343 610 404 665; x_wconf 80' lang='grc' dir='ltr'><strong><em>ιιι</em></strong></span> <span class='ocrx_word' id='word_1_2' title='bbox 754 612 950 691; x_wconf 75' lang='lat' dir='ltr'>susumus</span> 
     </span>
    </p>
   </div>
   <div class='ocr_carea' id='block_1_2' title="bbox 277 762 1355 1741">
    <p class='ocr_par' dir='ltr' id='par_1_2' title="bbox 280 762 1355 1546">
     <span class='ocr_line' id='line_1_2' title="bbox 280 762 1355 855; baseline 0.007 -23"><span class='ocrx_word' id='word_1_3' title='bbox 280 772 307 840; x_wconf 85' lang='lat' dir='ltr'><em>O</em></span> <span class='ocrx_word' id='word_1_4' title='bbox 342 764 425 848; x_wconf 77' lang='grc' dir='ltr'><strong><em>οἶδα,</em></strong></span> <span class='ocrx_word' id='word_1_5' title='bbox 447 772 494 845; x_wconf 83' lang='grc' dir='ltr'><strong><em>τίς</em></strong></span> <span class='ocrx_word' id='word_1_6' title='bbox 515 769 601 835; x_wconf 83' lang='grc' dir='ltr'><strong><em>εὀτιν</em></strong></span> <span class='ocrx_word' id='word_1_7' title='bbox 622 762 725 848; x_wconf 82' lang='grc' dir='ltr'><strong><em>οὗτος.</em></strong></span> <span class='ocrx_word' id='word_1_8' title='bbox 770 775 871 836; x_wconf 83' lang='grc' dir='ltr'><strong>ΚΑΛ.</strong></span> <span class='ocrx_word' id='word_1_9' title='bbox 907 775 949 836; x_wconf 81' lang='lat' dir='ltr'>Ti</span> <span class='ocrx_word' id='word_1_10' title='bbox 969 771 1023 850; x_wconf 77' lang='lat' dir='ltr'>‹le&#39;3</span> <span class='ocrx_word' id='word_1_11' title='bbox 1054 773 1271 855; x_wconf 80' lang='grc' dir='ltr'><strong><em>Θεμιστοκλέα</em></strong></span> <span class='ocrx_word' id='word_1_12' title='bbox 1298 775 1355 839; x_wconf 84' lang='grc' dir='ltr'><strong><em>οὐκ</em></strong></span> 
     </span>
     <span class='ocr_line' id='line_1_3' title="bbox 341 868 1354 954; baseline 0.004 -23"><span class='ocrx_word' id='word_1_13' title='bbox 341 868 470 944; x_wconf 84' lang='grc' dir='ltr'><strong><em>ἀκούεις</em></strong></span> <span class='ocrx_word' id='word_1_14' title='bbox 489 870 593 952; x_wconf 79' lang='grc' dir='ltr'><strong><em>ἀνδρα</em></strong></span> <span class='ocrx_word' id='word_1_15' title='bbox 621 871 751 952; x_wconf 71' lang='grc' dir='ltr'><strong><em>ἀγαθὸν</em></strong></span> <span class='ocrx_word' id='word_1_16' title='bbox 778 873 935 953; x_wconf 73' lang='grc' dir='ltr'><em>γεγονότα</em></span> <span class='ocrx_word' id='word_1_17' title='bbox 963 873 1018 936; x_wconf 84' lang='grc' dir='ltr'><strong><em>καὶ</em></strong></span> <span class='ocrx_word' id='word_1_18' title='bbox 1041 873 1180 954; x_wconf 78' lang='grc' dir='ltr'><strong><em>Κίμωνα</em></strong></span> <span class='ocrx_word' id='word_1_19' title='bbox 1199 871 1256 937; x_wconf 84' lang='grc' dir='ltr'><strong><em>καὶ</em></strong></span> <span class='ocrx_word' id='word_1_20' title='bbox 1275 875 1354 935; x_wconf 89' lang='grc' dir='ltr'><strong><em>Μιλ-</em></strong></span> 
     </span>
     <span class='ocr_line' id='line_1_4' title="bbox 340 966 1354 1053; baseline 0.005 -24"><span class='ocrx_word' id='word_1_21' title='bbox 340 966 452 1048; x_wconf 83' lang='grc' dir='ltr'><strong><em>τιάδην</em></strong></span> <span class='ocrx_word' id='word_1_22' title='bbox 472 967 526 1030; x_wconf 78' lang='grc' dir='ltr'><strong><em>καὶ</em></strong></span> <span class='ocrx_word' id='word_1_23' title='bbox 547 966 706 1047; x_wconf 78' lang='grc' dir='ltr'><strong><em>Περικλέα</em></strong></span> <span class='ocrx_word' id='word_1_24' title='bbox 725 970 856 1034; x_wconf 87' lang='grc' dir='ltr'><strong><em>τοντονλ</em></strong></span> <span class='ocrx_word' id='word_1_25' title='bbox 883 973 941 1035; x_wconf 88' lang='grc' dir='ltr'><strong><em>τὸν</em></strong></span> <span class='ocrx_word' id='word_1_26' title='bbox 966 968 1082 1034; x_wconf 80' lang='grc' dir='ltr'><strong><em>νεωστὶ</em></strong></span> <span class='ocrx_word' id='word_1_27' title='bbox 1101 971 1354 1053; x_wconf 74' lang='grc' dir='ltr'><strong><em>τετελευτηκότα,</em></strong></span> 
     </span>
     <span class='ocr_line' id='line_1_5' title="bbox 341 1055 1355 1151; baseline 0.005 -23"><span class='ocrx_word' id='word_1_28' title='bbox 341 1055 382 1128; x_wconf 84' lang='grc' dir='ltr'><strong><em>οὗ</em></strong></span> <span class='ocrx_word' id='word_1_29' title='bbox 401 1065 455 1128; x_wconf 85' lang='grc' dir='ltr'><strong><em>καὶ</em></strong></span> <span class='ocrx_word' id='word_1_30' title='bbox 475 1060 516 1129; x_wconf 80' lang='grc' dir='ltr'><strong><em>σὺ</em></strong></span> <span class='ocrx_word' id='word_1_31' title='bbox 537 1067 694 1148; x_wconf 72' lang='grc' dir='ltr'><strong><em>ἀκήκοαςς</em></strong></span> <span class='ocrx_word' id='word_1_32' title='bbox 716 1070 789 1132; x_wconf 66' lang='lat' dir='ltr'>Est.</span> <span class='ocrx_word' id='word_1_33' title='bbox 811 1069 855 1131; x_wconf 81' lang='grc' dir='ltr'><strong><em>Εἰ</em></strong></span> <span class='ocrx_word' id='word_1_34' title='bbox 875 1065 940 1132; x_wconf 77' lang='grc' dir='ltr'><strong><em>ἔστι</em></strong></span> <span class='ocrx_word' id='word_1_35' title='bbox 961 1090 1016 1150; x_wconf 90' lang='grc' dir='ltr'><strong><em>γε,</em></strong></span> <span class='ocrx_word' id='word_1_36' title='bbox 1039 1061 1065 1132; x_wconf 82' lang='grc' dir='ltr'><em>ὧ</em></span> <span class='ocrx_word' id='word_1_37' title='bbox 1087 1062 1295 1146; x_wconf 78' lang='grc' dir='ltr'><strong><em>Καλλίκλεις,</em></strong></span> <span class='ocrx_word' id='word_1_38' title='bbox 1316 1071 1355 1151; x_wconf 78' lang='grc' dir='ltr'><strong><em>ἣν,</em></strong></span> 
     </span>
     <span class='ocr_line' id='line_1_6' title="bbox 340 1161 1355 1250; baseline 0.005 -24"><span class='ocrx_word' id='word_1_39' title='bbox 340 1165 498 1245; x_wconf 79' lang='grc' dir='ltr'><strong><em>πρότερον</em></strong></span> <span class='ocrx_word' id='word_1_40' title='bbox 526 1164 567 1227; x_wconf 81' lang='grc' dir='ltr'><strong><em>σὺ</em></strong></span> <span class='ocrx_word' id='word_1_41' title='bbox 588 1161 689 1247; x_wconf 77' lang='grc' dir='ltr'><strong><em>ἔλεγες</em></strong></span> <span class='ocrx_word' id='word_1_42' title='bbox 718 1167 851 1249; x_wconf 80' lang='grc' dir='ltr'><strong><em>ἀρετήν,</em></strong></span> <span class='ocrx_word' id='word_1_43' title='bbox 881 1168 1018 1250; x_wconf 78' lang='grc' dir='ltr'><strong><em>ἀληθής,</em></strong></span> <span class='ocrx_word' id='word_1_44' title='bbox 1050 1167 1087 1230; x_wconf 85' lang='grc' dir='ltr'><strong><em>τὸ</em></strong></span> <span class='ocrx_word' id='word_1_45' title='bbox 1107 1168 1165 1241; x_wconf 80' lang='grc' dir='ltr'><strong><em>τὰς</em></strong></span> <span class='ocrx_word' id='word_1_46' title='bbox 1186 1166 1355 1249; x_wconf 74' lang='grc' dir='ltr'><strong><em>ἐπιλλνμίας</em></strong></span> 
     </span>
     <span class='ocr_line' id='line_1_7' title="bbox 340 1263 1354 1343; baseline 0.003 -18"><span class='ocrx_word' id='word_1_47' title='bbox 340 1263 585 1343; x_wconf 71' lang='grc' dir='ltr'><strong><em>ἀποπιμπλάναι</em></strong></span> <span class='ocrx_word' id='word_1_48' title='bbox 606 1264 734 1338; x_wconf 78' lang='grc' dir='ltr'><strong><em>καὶτὰς</em></strong></span> <span class='ocrx_word' id='word_1_49' title='bbox 755 1265 857 1328; x_wconf 77' lang='grc' dir='ltr'><strong><em>αὐτοῦ</em></strong></span> <span class='ocrx_word' id='word_1_50' title='bbox 883 1264 936 1328; x_wconf 82' lang='grc' dir='ltr'><strong><em>καὶ</em></strong></span> <span class='ocrx_word' id='word_1_51' title='bbox 956 1263 1013 1340; x_wconf 80' lang='grc' dir='ltr'><strong><em>τὰς</em></strong></span> <span class='ocrx_word' id='word_1_52' title='bbox 1034 1270 1099 1329; x_wconf 80' lang='grc' dir='ltr'><strong><em>τῶν</em></strong></span> <span class='ocrx_word' id='word_1_53' title='bbox 1118 1269 1247 1330; x_wconf 87' lang='grc' dir='ltr'><strong><em>ἀλλων·</em></strong></span> <span class='ocrx_word' id='word_1_54' title='bbox 1277 1263 1354 1329; x_wconf 77' lang='grc' dir='ltr'><strong><em>εἰδὲ</em></strong></span> 
     </span>
     <span class='ocr_line' id='line_1_8' title="bbox 340 1355 1355 1450; baseline 0.002 -26"><span class='ocrx_word' id='word_1_55' title='bbox 340 1359 383 1443; x_wconf 76' lang='grc' dir='ltr'><strong><em>μὴ</em></strong></span> <span class='ocrx_word' id='word_1_56' title='bbox 405 1372 514 1438; x_wconf 83' lang='grc' dir='ltr'><strong><em>τοῦτο,</em></strong></span> <span class='ocrx_word' id='word_1_57' title='bbox 548 1355 613 1424; x_wconf 86' lang='grc' dir='ltr'><strong><em>ἀλλ’</em></strong></span> <span class='ocrx_word' id='word_1_58' title='bbox 634 1361 712 1441; x_wconf 82' lang='grc' dir='ltr'><strong><em>ὅπερ</em></strong></span> <span class='ocrx_word' id='word_1_59' title='bbox 734 1360 769 1425; x_wconf 80' lang='grc' dir='ltr'><strong><em>ἐν</em></strong></span> <span class='ocrx_word' id='word_1_60' title='bbox 789 1367 833 1450; x_wconf 82' lang='grc' dir='ltr'><strong><em>τῷ</em></strong></span> <span class='ocrx_word' id='word_1_61' title='bbox 855 1360 1083 1448; x_wconf 78' lang='grc' dir='ltr'><strong><em>ἀστὲρῳλόγῳ</em></strong></span> <span class='ocrx_word' id='word_1_62' title='bbox 1103 1364 1355 1446; x_wconf 77' lang='grc' dir='ltr'><strong><em>ἠναγκάσθημεν</em></strong></span> 
     </span>
     <span class='ocr_line' id='line_1_9' title="bbox 340 1459 1354 1546; baseline 0 -23"><span class='ocrx_word' id='word_1_63' title='bbox 340 1461 430 1542; x_wconf 75' lang='grc' dir='ltr'><strong><em>ἡμεῖς</em></strong></span> <span class='ocrx_word' id='word_1_64' title='bbox 450 1461 629 1542; x_wconf 80' lang='grc' dir='ltr'><strong><em>ὁμολογεῖν,</em></strong></span> <span class='ocrx_word' id='word_1_65' title='bbox 653 1461 702 1524; x_wconf 85' lang='grc' dir='ltr'><strong><em>ὅτι</em></strong></span> <span class='ocrx_word' id='word_1_66' title='bbox 723 1463 757 1524; x_wconf 82' lang='grc' dir='ltr'><strong><em>αἳ</em></strong></span> <span class='ocrx_word' id='word_1_67' title='bbox 777 1460 836 1543; x_wconf 78' lang='grc' dir='ltr'><strong><em>μὲν</em></strong></span> <span class='ocrx_word' id='word_1_68' title='bbox 856 1465 921 1525; x_wconf 78' lang='grc' dir='ltr'><strong><em>τῶν</em></strong></span> <span class='ocrx_word' id='word_1_69' title='bbox 939 1459 1122 1544; x_wconf 77' lang='grc' dir='ltr'><strong><em>ἐπιθυμιῶν</em></strong></span> <span class='ocrx_word' id='word_1_70' title='bbox 1136 1464 1354 1546; x_wconf 79' lang='grc' dir='ltr'><strong><em>πληρούμεναι</em></strong></span> 
     </span>
    </p>

    <p class='ocr_par' dir='ltr' id='par_1_3' title="bbox 277 1557 1353 1741">
     <span class='ocr_line' id='line_1_10' title="bbox 277 1557 1353 1642; baseline 0.002 -22"><span class='ocrx_word' id='word_1_71' title='bbox 277 1563 309 1626; x_wconf 94' lang='lat' dir='ltr'>D</span> <span class='ocrx_word' id='word_1_72' title='bbox 340 1559 452 1639; x_wconf 85' lang='grc' dir='ltr'><strong><em>βελτίω</em></strong></span> <span class='ocrx_word' id='word_1_73' title='bbox 480 1569 608 1623; x_wconf 83' lang='grc' dir='ltr'><strong><em>ποιοῦσι</em></strong></span> <span class='ocrx_word' id='word_1_74' title='bbox 635 1561 692 1623; x_wconf 89' lang='grc' dir='ltr'><strong><em>τὸν</em></strong></span> <span class='ocrx_word' id='word_1_75' title='bbox 720 1563 916 1640; x_wconf 72' lang='grc' dir='ltr'><strong><em>ἄνθρωπον,</em></strong></span> <span class='ocrx_word' id='word_1_76' title='bbox 944 1562 1062 1634; x_wconf 84' lang='grc' dir='ltr'><strong><em>ταύτας</em></strong></span> <span class='ocrx_word' id='word_1_77' title='bbox 1092 1557 1151 1642; x_wconf 79' lang='grc' dir='ltr'><strong><em>μὲν</em></strong></span> <span class='ocrx_word' id='word_1_78' title='bbox 1179 1561 1353 1636; x_wconf 85' lang='grc' dir='ltr'><strong><em>ἀποτελεῖν,</em></strong></span> 
     </span>
     <span class='ocr_line' id='line_1_11' title="bbox 341 1652 1353 1741; baseline 0.006 -23"><span class='ocrx_word' id='word_1_79' title='bbox 341 1658 374 1718; x_wconf 85' lang='grc' dir='ltr'><strong><em>αἳ</em></strong></span> <span class='ocrx_word' id='word_1_80' title='bbox 403 1655 437 1719; x_wconf 80' lang='grc' dir='ltr'><strong><em>δὲ</em></strong></span> <span class='ocrx_word' id='word_1_81' title='bbox 465 1657 575 1740; x_wconf 76' lang='grc' dir='ltr'><strong><em>χείρω,</em></strong></span> <span class='ocrx_word' id='word_1_82' title='bbox 602 1659 652 1740; x_wconf 86' lang='grc' dir='ltr'><strong><em>μή</em></strong></span> <span class='ocrx_word' id='word_1_83' title='bbox 660 1679 667 1694; x_wconf 87' lang='grc'><em>·</em></span> <span class='ocrx_word' id='word_1_84' title='bbox 698 1667 794 1722; x_wconf 79' lang='grc' dir='ltr'><strong><em>τοῦτο</em></strong></span> <span class='ocrx_word' id='word_1_85' title='bbox 823 1657 857 1722; x_wconf 81' lang='grc' dir='ltr'><strong><em>δὲ</em></strong></span> <span class='ocrx_word' id='word_1_86' title='bbox 886 1657 979 1741; x_wconf 81' lang='grc' dir='ltr'><strong><em>τέχνη</em></strong></span> <span class='ocrx_word' id='word_1_87' title='bbox 1007 1681 1054 1733; x_wconf 81' lang='grc' dir='ltr'><strong><em>τις</em></strong></span> <span class='ocrx_word' id='word_1_88' title='bbox 1074 1652 1174 1722; x_wconf 81' lang='grc' dir='ltr'><strong><em>εἶναι·</em></strong></span> <span class='ocrx_word' id='word_1_89' title='bbox 1206 1669 1353 1724; x_wconf 87' lang='grc' dir='ltr'><strong><em>τοιοῦτον</em></strong></span> 
     </span>
    </p>
   </div>
   <div class='ocr_carea' id='block_1_3' title="bbox 338 1854 1352 2534">
    <p class='ocr_par' dir='ltr' id='par_1_4' title="bbox 338 1854 1351 2267">
     <span class='ocr_line' id='line_1_12' title="bbox 391 1854 1351 1926; baseline 0.004 -20"><span class='ocrx_word' id='word_1_90' title='bbox 391 1859 423 1906; x_wconf 91' lang='lat' dir='ltr'><strong><em>D.</em></strong></span> <span class='ocrx_word' id='word_1_91' title='bbox 443 1861 535 1907; x_wconf 84' lang='grc' dir='ltr'><strong><em>τοῦτο</em></strong></span> <span class='ocrx_word' id='word_1_92' title='bbox 555 1855 589 1907; x_wconf 78' lang='grc' dir='ltr'><strong><em>δὲ</em></strong></span> <span class='ocrx_word' id='word_1_93' title='bbox 607 1855 703 1920; x_wconf 81' lang='grc' dir='ltr'><strong><em>τέχνη</em></strong></span> <span class='ocrx_word' id='word_1_94' title='bbox 722 1875 767 1911; x_wconf 77' lang='lat' dir='ltr'>us</span> <span class='ocrx_word' id='word_1_95' title='bbox 785 1854 887 1926; x_wconf 86' lang='grc' dir='ltr'><strong><em>εἶναι]</em></strong></span> <span class='ocrx_word' id='word_1_96' title='bbox 911 1857 1004 1910; x_wconf 80' lang='grc' dir='ltr'><strong><em>τούτου</em></strong></span> <span class='ocrx_word' id='word_1_97' title='bbox 1022 1859 1093 1911; x_wconf 80' lang='lat' dir='ltr'>editt.</span> <span class='ocrx_word' id='word_1_98' title='bbox 1112 1875 1205 1911; x_wconf 84' lang='lat' dir='ltr'>omnes</span> <span class='ocrx_word' id='word_1_99' title='bbox 1222 1859 1351 1926; x_wconf 75' lang='lat' dir='ltr'>usquead</span> 
     </span>
     <span class='ocr_line' id='line_1_13' title="bbox 340 1924 1351 1994; baseline 0.001 -18"><span class='ocrx_word' id='word_1_100' title='bbox 340 1931 468 1988; x_wconf 67' lang='lat' dir='ltr'>nostrum</span> <span class='ocrx_word' id='word_1_101' title='bbox 496 1931 570 1976; x_wconf 86' lang='grc' dir='ltr'><strong><em>τοῦτο</em></strong></span> <span class='ocrx_word' id='word_1_102' title='bbox 593 1924 681 1975; x_wconf 80' lang='lat' dir='ltr'><strong>Clark.</strong></span> <span class='ocrx_word' id='word_1_103' title='bbox 704 1927 762 1976; x_wconf 83' lang='lat' dir='ltr'>Vat.</span> <span class='ocrx_word' id='word_1_104' title='bbox 787 1928 867 1978; x_wconf 84' lang='lat' dir='ltr'>Goisl.</span> <span class='ocrx_word' id='word_1_105' title='bbox 889 1927 967 1977; x_wconf 86' lang='lat' dir='ltr'>Vind.</span> <span class='ocrx_word' id='word_1_106' title='bbox 991 1926 1016 1979; x_wconf 91' lang='grc'><strong><em>6.</em></strong></span> <span class='ocrx_word' id='word_1_107' title='bbox 1038 1929 1095 1979; x_wconf 77' lang='lat' dir='ltr'><strong>Per.</strong></span> <span class='ocrx_word' id='word_1_108' title='bbox 1119 1928 1249 1979; x_wconf 82' lang='lat' dir='ltr'><strong>OEFW.</strong></span> <span class='ocrx_word' id='word_1_109' title='bbox 1272 1935 1298 1979; x_wconf 89' lang='lat' dir='ltr'>et</span> <span class='ocrx_word' id='word_1_110' title='bbox 1317 1945 1351 1994; x_wconf 91' lang='lat' dir='ltr'><strong>pr.</strong></span> 
     </span>
     <span class='ocr_line' id='line_1_14' title="bbox 340 1992 1351 2061; baseline 0.003 -18"><span class='ocrx_word' id='word_1_111' title='bbox 340 1996 398 2044; x_wconf 83' lang='lat' dir='ltr'><strong>Par.</strong></span> <span class='ocrx_word' id='word_1_112' title='bbox 421 1995 451 2043; x_wconf 94' lang='grc' dir='ltr'><strong><em>Β.</em></strong></span> <span class='ocrx_word' id='word_1_113' title='bbox 474 1994 543 2044; x_wconf 80' lang='lat' dir='ltr'>Flor.</span> <span class='ocrx_word' id='word_1_114' title='bbox 562 2009 584 2046; x_wconf 83' lang='lat' dir='ltr'><strong>a.</strong></span> <span class='ocrx_word' id='word_1_115' title='bbox 603 1992 627 2042; x_wconf 92' lang='lat' dir='ltr'><strong>b.</strong></span> <span class='ocrx_word' id='word_1_116' title='bbox 646 2010 668 2043; x_wconf 90' lang='lat' dir='ltr'><strong><em>o.</em></strong></span> <span class='ocrx_word' id='word_1_117' title='bbox 686 1994 709 2043; x_wconf 88' lang='grc' dir='ltr'><strong><em>ιλ.</em></strong></span> <span class='ocrx_word' id='word_1_118' title='bbox 728 1996 753 2048; x_wconf 83' lang='lat' dir='ltr'><strong>f.</strong></span> <span class='ocrx_word' id='word_1_119' title='bbox 763 2013 784 2045; x_wconf 89' lang='lat' dir='ltr'><strong><em>s.</em></strong></span> <span class='ocrx_word' id='word_1_120' title='bbox 801 2013 827 2045; x_wconf 86' lang='lat' dir='ltr'><strong>x.</strong></span> <span class='ocrx_word' id='word_1_121' title='bbox 851 1997 910 2046; x_wconf 78' lang='lat' dir='ltr'>Bas.</span> <span class='ocrx_word' id='word_1_122' title='bbox 924 1994 963 2059; x_wconf 90' lang='grc'><strong><em>2.,</em></strong></span> <span class='ocrx_word' id='word_1_123' title='bbox 986 1996 1055 2061; x_wconf 87' lang='lat' dir='ltr'>quod</span> <span class='ocrx_word' id='word_1_124' title='bbox 1071 2012 1154 2061; x_wconf 80' lang='lat' dir='ltr'><strong>nuper</strong></span> <span class='ocrx_word' id='word_1_125' title='bbox 1171 1997 1251 2046; x_wconf 81' lang='lat' dir='ltr'>otiam</span> <span class='ocrx_word' id='word_1_126' title='bbox 1268 1997 1351 2046; x_wconf 84' lang='lat' dir='ltr'><strong>Herm.</strong></span> 
     </span>
     <span class='ocr_line' id='line_1_15' title="bbox 340 2033 1351 2128; baseline 0.002 -16"><span class='ocrx_word' id='word_1_127' title='bbox 340 2062 474 2127; x_wconf 85' lang='lat' dir='ltr'><strong><em>amplexus</em></strong></span> <span class='ocrx_word' id='word_1_128' title='bbox 491 2069 536 2111; x_wconf 90' lang='lat' dir='ltr'>est.</span> <span class='ocrx_word' id='word_1_129' title='bbox 572 2063 602 2111; x_wconf 89' lang='lat' dir='ltr'><strong><em>In</em></strong></span> <span class='ocrx_word' id='word_1_130' title='bbox 620 2062 678 2112; x_wconf 85' lang='lat' dir='ltr'><strong>Pur.</strong></span> <span class='ocrx_word' id='word_1_131' title='bbox 696 2063 716 2111; x_wconf 92' lang='grc' dir='ltr'><strong>Ι</strong></span> <span class='ocrx_word' id='word_1_132' title='bbox 740 2069 815 2113; x_wconf 83' lang='grc' dir='ltr'><strong><em>τοῦτο</em></strong></span> <span class='ocrx_word' id='word_1_133' title='bbox 834 2064 913 2115; x_wconf 87' lang='lat' dir='ltr'>deest.</span> <span class='ocrx_word' id='word_1_134' title='bbox 956 2033 1024 2114; x_wconf 84' lang='lat' dir='ltr'><strong>Dein</strong></span> <span class='ocrx_word' id='word_1_135' title='bbox 1042 2065 1106 2128; x_wconf 73' lang='grc' dir='ltr'><strong><em>ἔχεις</em></strong></span> <span class='ocrx_word' id='word_1_136' title='bbox 1122 2063 1212 2114; x_wconf 85' lang='grc' dir='ltr'><strong><em>εἰπεῖν</em></strong></span> <span class='ocrx_word' id='word_1_137' title='bbox 1229 2081 1279 2115; x_wconf 90' lang='lat' dir='ltr'><strong><em>om.</em></strong></span> <span class='ocrx_word' id='word_1_138' title='bbox 1295 2066 1351 2115; x_wconf 87' lang='lat' dir='ltr'>Vat</span> 
     </span>
     <span class='ocr_line' id='line_1_16' title="bbox 340 2128 1352 2218; baseline 0.003 -38"><span class='ocrx_word' id='word_1_139' title='bbox 340 2130 419 2180; x_wconf 84' lang='lat' dir='ltr'>Coisl.</span> <span class='ocrx_word' id='word_1_140' title='bbox 437 2130 513 2179; x_wconf 81' lang='lat' dir='ltr'>vind.</span> <span class='ocrx_word' id='word_1_141' title='bbox 531 2128 554 2180; x_wconf 98' lang='grc'><strong><em>1.</em></strong></span> <span class='ocrx_word' id='word_1_142' title='bbox 572 2128 595 2181; x_wconf 93' lang='grc'><strong><em>6.</em></strong></span> <span class='ocrx_word' id='word_1_143' title='bbox 613 2131 671 2180; x_wconf 83' lang='lat' dir='ltr'><strong>Pur.</strong></span> <span class='ocrx_word' id='word_1_144' title='bbox 689 2132 718 2180; x_wconf 88' lang='lat' dir='ltr'><strong>B.</strong></span> <span class='ocrx_word' id='word_1_145' title='bbox 734 2148 773 2196; x_wconf 73' lang='lat' dir='ltr'><strong><em>pn</em></strong></span> <span class='ocrx_word' id='word_1_146' title='bbox 791 2131 889 2183; x_wconf 80' lang='lat' dir='ltr'><strong>EFW.</strong></span> <span class='ocrx_word' id='word_1_147' title='bbox 906 2132 975 2182; x_wconf 88' lang='lat' dir='ltr'>Flor</span> <span class='ocrx_word' id='word_1_148' title='bbox 994 2149 1014 2182; x_wconf 92' lang='lat' dir='ltr'><strong><em>s.</em></strong></span> <span class='ocrx_word' id='word_1_149' title='bbox 1032 2133 1050 2185; x_wconf 82' lang='lat' dir='ltr'><strong><em>f.</em></strong></span> <span class='ocrx_word' id='word_1_150' title='bbox 1080 2133 1189 2218; x_wconf 81' lang='lat' dir='ltr'><strong>Nempe</strong></span> <span class='ocrx_word' id='word_1_151' title='bbox 1207 2133 1250 2183; x_wconf 90' lang='lat' dir='ltr'>illi</span> <span class='ocrx_word' id='word_1_152' title='bbox 1266 2134 1352 2183; x_wconf 90' lang='lat' dir='ltr'>distin·</span> 
     </span>
     <span class='ocr_line' id='line_1_17' title="bbox 338 2148 1350 2283; baseline 0.002 -35"><span class='ocrx_word' id='word_1_153' title='bbox 338 2204 435 2283; x_wconf 86' lang='lat' dir='ltr'>guunt:</span> <span class='ocrx_word' id='word_1_154' title='bbox 430 2196 591 2265; x_wconf 84' lang='grc' dir='ltr'><strong><em>,γεγονέναι</em></strong></span> <span class='ocrx_word' id='word_1_155' title='bbox 614 2193 661 2247; x_wconf 83' lang='grc' dir='ltr'><strong><em>οὐκ</em></strong></span> <span class='ocrx_word' id='word_1_156' title='bbox 680 2148 760 2262; x_wconf 61' lang='grc' dir='ltr'><strong><em>ἔγειρ’</em></strong></span> <span class='ocrx_word' id='word_1_157' title='bbox 751 2202 833 2266; x_wconf 86' lang='grc' dir='ltr'><strong><em>ε’γωγε</em></strong></span> <span class='ocrx_word' id='word_1_158' title='bbox 855 2205 910 2252; x_wconf 79' lang='grc' dir='ltr'><strong><em>πολε</em></strong></span> <span class='ocrx_word' id='word_1_159' title='bbox 928 2201 1011 2250; x_wconf 72' lang='lat' dir='ltr'>sium:</span> <span class='ocrx_word' id='word_1_160' title='bbox 1033 2197 1086 2250; x_wconf 88' lang='grc' dir='ltr'><strong><em>ἀλλ’</em></strong></span> <span class='ocrx_word' id='word_1_161' title='bbox 1106 2197 1156 2250; x_wconf 78' lang='grc' dir='ltr'><strong><em>ἐὰν</em></strong></span> <span class='ocrx_word' id='word_1_162' title='bbox 1174 2203 1252 2267; x_wconf 75' lang='grc' dir='ltr'><strong><em>ζητῇς</em></strong></span> <span class='ocrx_word' id='word_1_163' title='bbox 1269 2220 1293 2251; x_wconf 87' lang='grc' dir='ltr'><strong><em>κ,</em></strong></span> <span class='ocrx_word' id='word_1_164' title='bbox 1310 2196 1350 2251; x_wconf 81' lang='grc' dir='ltr'><strong><em>εὑ-</em></strong></span> 
     </span>
    </p>

    <p class='ocr_par' dir='ltr' id='par_1_5' title="bbox 339 2267 1352 2534">
     <span class='ocr_line' id='line_1_18' title="bbox 376 2267 568 2327; baseline -0.005 -11"><span class='ocrx_word' id='word_1_165' title='bbox 376 2283 442 2319; x_wconf 76' lang='lat' dir='ltr'>osto:</span> <span class='ocrx_word' id='word_1_166' title='bbox 461 2267 568 2327; x_wconf 31' lang='grc' dir='ltr'><strong><em>ιᾛδωμεν</em></strong></span> 
     </span>
     <span class='ocr_line' id='line_1_19' title="bbox 341 2265 1350 2402; baseline 0.001 -17"><span class='ocrx_word' id='word_1_167' title='bbox 341 2265 373 2333; x_wconf 71' lang='lat'><strong><em>(¹4</em></strong></span> <span class='ocrx_word' id='word_1_168' title='bbox 390 2331 513 2385; x_wconf 84' lang='grc' dir='ltr'><strong><em>οὑτωσὶ</em></strong></span> <span class='ocrx_word' id='word_1_169' title='bbox 531 2331 672 2399; x_wconf 82' lang='grc' dir='ltr'><strong><em>ἀτρέμα]</em></strong></span> <span class='ocrx_word' id='word_1_170' title='bbox 691 2334 735 2384; x_wconf 79' lang='lat' dir='ltr'>Sio</span> <span class='ocrx_word' id='word_1_171' title='bbox 753 2333 926 2399; x_wconf 83' lang='lat' dir='ltr'>scribendum,</span> <span class='ocrx_word' id='word_1_172' title='bbox 943 2351 992 2386; x_wconf 86' lang='lat' dir='ltr'><strong><em>neo</em></strong></span> <span class='ocrx_word' id='word_1_173' title='bbox 1010 2331 1207 2396; x_wconf 78' lang='grc' dir='ltr'><strong><em>νειοοὺτωσίν,</em></strong></span> <span class='ocrx_word' id='word_1_174' title='bbox 1225 2336 1296 2402; x_wconf 87' lang='lat' dir='ltr'>quod</span> <span class='ocrx_word' id='word_1_175' title='bbox 1311 2337 1350 2386; x_wconf 87' lang='lat' dir='ltr'>hic</span> 
     </span>
     <span class='ocr_line' id='line_1_20' title="bbox 340 2402 1350 2469; baseline 0.001 -16"><span class='ocrx_word' id='word_1_176' title='bbox 340 2409 366 2453; x_wconf 86' lang='lat' dir='ltr'>et</span> <span class='ocrx_word' id='word_1_177' title='bbox 382 2404 491 2468; x_wconf 81' lang='lat' dir='ltr'>infrep</span> <span class='ocrx_word' id='word_1_178' title='bbox 508 2402 566 2456; x_wconf 92' lang='grc'><strong>509.</strong></span> <span class='ocrx_word' id='word_1_179' title='bbox 584 2402 615 2451; x_wconf 84' lang='grc' dir='ltr'><strong><em>Α.</em></strong></span> <span class='ocrx_word' id='word_1_180' title='bbox 640 2402 761 2452; x_wconf 90' lang='lat' dir='ltr'>nonnulli</span> <span class='ocrx_word' id='word_1_181' title='bbox 783 2403 889 2456; x_wconf 83' lang='lat' dir='ltr'>hebent.</span> <span class='ocrx_word' id='word_1_182' title='bbox 924 2405 1088 2469; x_wconf 76' lang='lat' dir='ltr'><strong>Quamquam</strong></span> <span class='ocrx_word' id='word_1_183' title='bbox 1110 2405 1223 2454; x_wconf 83' lang='lat' dir='ltr'>Attici</span> <span class='ocrx_word' id='word_1_184' title='bbox 1215 2421 1244 2454; x_wconf 88' lang='grc' dir='ltr'><strong><em>ιιι</em></strong></span> <span class='ocrx_word' id='word_1_185' title='bbox 1265 2405 1350 2455; x_wconf 88' lang='lat' dir='ltr'>formis</span> 
     </span>
     <span class='ocr_line' id='line_1_21' title="bbox 339 2469 1352 2534; baseline 0.003 -14"><span class='ocrx_word' id='word_1_186' title='bbox 339 2472 367 2520; x_wconf 92' lang='lat' dir='ltr'>in</span> <span class='ocrx_word' id='word_1_187' title='bbox 387 2474 416 2521; x_wconf 87' lang='grc' dir='ltr'><strong><em>σί</em></strong></span> <span class='ocrx_word' id='word_1_188' title='bbox 431 2471 616 2523; x_wconf 85' lang='lat' dir='ltr'>exeuntibus</span> <span class='ocrx_word' id='word_1_189' title='bbox 607 2492 621 2521; x_wconf 90' lang='grc' dir='ltr'><strong><em>ν</em></strong></span> <span class='ocrx_word' id='word_1_190' title='bbox 648 2469 836 2534; x_wconf 80' lang='grc' dir='ltr'><strong><em>ἐφελκνοτικόν</em></strong></span> <span class='ocrx_word' id='word_1_191' title='bbox 852 2488 910 2522; x_wconf 86' lang='lat' dir='ltr'><strong><em>oum</em></strong></span> <span class='ocrx_word' id='word_1_192' title='bbox 931 2473 986 2522; x_wconf 82' lang='lat' dir='ltr'>iote</span> <span class='ocrx_word' id='word_1_193' title='bbox 1002 2472 1207 2523; x_wconf 82' lang='lat' dir='ltr'>demonstrativo</span> <span class='ocrx_word' id='word_1_194' title='bbox 1230 2473 1352 2524; x_wconf 81' lang='lat' dir='ltr'>interdum</span> 
     </span>
    </p>
   </div>
   <div class='ocr_carea' id='block_1_4' title="bbox 338 2667 1399 4502">
    <p class='ocr_par' dir='ltr' id='par_1_6' title="bbox 338 2667 1399 4502">
     <span class='ocr_line' id='line_1_22' title="bbox 339 2667 1349 2733; baseline -0.003 -16"><span class='ocrx_word' id='word_1_195' title='bbox 339 2667 378 2733; x_wconf 88' lang='grc' dir='ltr'><strong><em>οι]</em></strong></span> <span class='ocrx_word' id='word_1_196' title='bbox 403 2684 457 2733; x_wconf 87' lang='lat' dir='ltr'><strong><em>per</em></strong></span> <span class='ocrx_word' id='word_1_197' title='bbox 479 2683 572 2732; x_wconf 87' lang='lat' dir='ltr'><strong><em>quem</em></strong></span> <span class='ocrx_word' id='word_1_198' title='bbox 591 2668 818 2718; x_wconf 81' lang='lat' dir='ltr'>Athenienses</span> <span class='ocrx_word' id='word_1_199' title='bbox 869 2667 939 2716; x_wconf 87' lang='lat' dir='ltr'>unde</span> <span class='ocrx_word' id='word_1_200' title='bbox 974 2671 1088 2728; x_wconf 79' lang='lat' dir='ltr'>constet,</span> <span class='ocrx_word' id='word_1_201' title='bbox 1123 2672 1178 2716; x_wconf 91' lang='lat' dir='ltr'><strong><em>tum</em></strong></span> <span class='ocrx_word' id='word_1_202' title='bbox 1215 2667 1349 2732; x_wconf 82' lang='lat' dir='ltr'>pmdenter</span> 
     </span>
     <span class='ocr_line' id='line_1_23' title="bbox 339 2733 1349 2800; baseline -0.001 -15"><span class='ocrx_word' id='word_1_203' title='bbox 339 2736 409 2785; x_wconf 87' lang='lat' dir='ltr'>dioi</span> <span class='ocrx_word' id='word_1_204' title='bbox 436 2737 567 2800; x_wconf 81' lang='lat' dir='ltr'>possint</span> <span class='ocrx_word' id='word_1_205' title='bbox 557 2735 751 2785; x_wconf 85' lang='lat' dir='ltr'>tmeliores</span> <span class='ocrx_word' id='word_1_206' title='bbox 777 2736 818 2784; x_wconf 85' lang='grc' dir='ltr'><strong><em>λει-</em></strong></span> <span class='ocrx_word' id='word_1_207' title='bbox 869 2733 1349 2785; x_wconf 81' lang='grc' dir='ltr'><strong><em>ιιιοιιιιλιΟεειιιιλιοιιιιεκιλΑιλιειι.</em></strong></span> 
     </span>
     <span class='ocr_line' id='line_1_24' title="bbox 340 2800 1349 2868; baseline -0.001 -15"><span class='ocrx_word' id='word_1_208' title='bbox 340 2804 382 2853; x_wconf 89' lang='lat' dir='ltr'><strong><em>cti</em></strong></span> <span class='ocrx_word' id='word_1_209' title='bbox 405 2819 483 2854; x_wconf 88' lang='lat' dir='ltr'>esse.</span> <span class='ocrx_word' id='word_1_210' title='bbox 522 2804 658 2867; x_wconf 86' lang='lat' dir='ltr'>Loquendi</span> <span class='ocrx_word' id='word_1_211' title='bbox 681 2819 762 2868; x_wconf 86' lang='lat' dir='ltr'>genus</span> <span class='ocrx_word' id='word_1_212' title='bbox 785 2802 819 2851; x_wconf 81' lang='lat' dir='ltr'><strong><em>ed</em></strong></span> <span class='ocrx_word' id='word_1_213' title='bbox 870 2805 901 2853; x_wconf 85' lang='grc' dir='ltr'><strong><em>Τ.</em></strong></span> <span class='ocrx_word' id='word_1_214' title='bbox 925 2803 971 2853; x_wconf 91' lang='grc' dir='ltr'><strong><em>ΙΠ.</em></strong></span> <span class='ocrx_word' id='word_1_215' title='bbox 999 2818 1024 2867; x_wconf 89' lang='lat' dir='ltr'><strong><em>p.</em></strong></span> <span class='ocrx_word' id='word_1_216' title='bbox 1052 2800 1111 2853; x_wconf 91' lang='grc'><strong>235.</strong></span> <span class='ocrx_word' id='word_1_217' title='bbox 1140 2802 1180 2852; x_wconf 86' lang='lat' dir='ltr'><strong><em>ed.</em></strong></span> <span class='ocrx_word' id='word_1_218' title='bbox 1209 2803 1349 2867; x_wconf 77' lang='lat' dir='ltr'>Schweigh.</span> 
     </span>
     <span class='ocr_line' id='line_1_25' title="bbox 339 2869 1349 2954; baseline -0.001 -34"><span class='ocrx_word' id='word_1_219' title='bbox 339 2871 448 2936; x_wconf 83' lang='lat' dir='ltr'><strong><em>Apolog.</em></strong></span> <span class='ocrx_word' id='word_1_220' title='bbox 459 2871 556 2920; x_wconf 82' lang='lat' dir='ltr'>Sourat.</span> <span class='ocrx_word' id='word_1_221' title='bbox 563 2887 588 2935; x_wconf 92' lang='lat' dir='ltr'><strong>p.</strong></span> <span class='ocrx_word' id='word_1_222' title='bbox 596 2869 637 2921; x_wconf 88' lang='lat'><strong>38.</strong></span> <span class='ocrx_word' id='word_1_223' title='bbox 644 2871 673 2920; x_wconf 82' lang='grc' dir='ltr'><strong><em>Ο.</em></strong></span> <span class='ocrx_word' id='word_1_224' title='bbox 680 2872 819 2954; x_wconf 81' lang='lat' dir='ltr'><strong><em>explicavi.</em></strong></span> <span class='ocrx_word' id='word_1_225' title='bbox 870 2871 991 2920; x_wconf 85' lang='lat' dir='ltr'>Diximus</span> <span class='ocrx_word' id='word_1_226' title='bbox 1003 2870 1034 2919; x_wconf 92' lang='lat' dir='ltr'><strong><em>de</em></strong></span> <span class='ocrx_word' id='word_1_227' title='bbox 1048 2871 1088 2919; x_wconf 90' lang='lat' dir='ltr'><strong><em>his</em></strong></span> <span class='ocrx_word' id='word_1_228' title='bbox 1101 2870 1224 2954; x_wconf 83' lang='lat' dir='ltr'><strong><em>Prolegg.</em></strong></span> <span class='ocrx_word' id='word_1_229' title='bbox 1237 2871 1292 2935; x_wconf 80' lang='lat' dir='ltr'><strong><em>Gap</em></strong></span> <span class='ocrx_word' id='word_1_230' title='bbox 1294 2870 1349 2919; x_wconf 90' lang='lat' dir='ltr'><strong>.IV</strong></span> 
     </span>
     <span class='ocr_line' id='line_1_26' title="bbox 374 2935 1349 3006; baseline 0 -19"><span class='ocrx_word' id='word_1_231' title='bbox 374 2939 403 2987; x_wconf 74' lang='grc' dir='ltr'><strong><em>(λ.</em></strong></span> <span class='ocrx_word' id='word_1_232' title='bbox 448 2937 713 2997; x_wconf 84' lang='grc' dir='ltr'><strong><em>Θεμιστοκλέα</em></strong></span> <span class='ocrx_word' id='word_1_233' title='bbox 748 2935 819 2988; x_wconf 83' lang='grc' dir='ltr'><strong><em>οὐκ</em></strong></span> <span class='ocrx_word' id='word_1_234' title='bbox 905 2937 950 2988; x_wconf 90' lang='grc' dir='ltr'><strong><em>Ει</em></strong></span> <span class='ocrx_word' id='word_1_235' title='bbox 967 2940 1143 3004; x_wconf 70' lang='lat' dir='ltr'>lotape</span> <span class='ocrx_word' id='word_1_236' title='bbox 1161 2935 1302 3006; x_wconf 73' lang='grc' dir='ltr'><strong><em>αληθηε]</em></strong></span> <span class='ocrx_word' id='word_1_237' title='bbox 1320 2939 1349 2988; x_wconf 82' lang='lat'><strong><em>81</em></strong></span> 
     </span>
     <span class='ocr_line' id='line_1_27' title="bbox 340 3001 1349 3070; baseline 0.003 -16"><span class='ocrx_word' id='word_1_238' title='bbox 340 3001 521 3056; x_wconf 78' lang='grc' dir='ltr'><strong><em>ἀκονειε-</em></strong></span> <span class='ocrx_word' id='word_1_239' title='bbox 530 3003 538 3070; x_wconf 92' lang='grc'>]</span> <span class='ocrx_word' id='word_1_240' title='bbox 580 3007 707 3055; x_wconf 83' lang='lat' dir='ltr'>Praesens</span> <span class='ocrx_word' id='word_1_241' title='bbox 741 3006 819 3056; x_wconf 91' lang='lat' dir='ltr'>huius</span> <span class='ocrx_word' id='word_1_242' title='bbox 870 3006 997 3070; x_wconf 85' lang='lat' dir='ltr'>quidem</span> <span class='ocrx_word' id='word_1_243' title='bbox 1032 3022 1109 3056; x_wconf 81' lang='lat' dir='ltr'>veru</span> <span class='ocrx_word' id='word_1_244' title='bbox 1143 3009 1257 3059; x_wconf 87' lang='lat' dir='ltr'>virtus</span> <span class='ocrx_word' id='word_1_245' title='bbox 1297 3011 1349 3067; x_wconf 84' lang='lat' dir='ltr'>est,</span> 
     </span>
     <span class='ocr_line' id='line_1_28' title="bbox 340 3072 1349 3138; baseline 0.002 -17"><span class='ocrx_word' id='word_1_246' title='bbox 340 3073 413 3123; x_wconf 85' lang='lat' dir='ltr'>verbi</span> <span class='ocrx_word' id='word_1_247' title='bbox 439 3072 470 3121; x_wconf 88' lang='lat' dir='ltr'><strong><em>de</em></strong></span> <span class='ocrx_word' id='word_1_248' title='bbox 492 3072 601 3128; x_wconf 77' lang='lat' dir='ltr'>durante</span> <span class='ocrx_word' id='word_1_249' title='bbox 623 3074 692 3123; x_wconf 84' lang='lat' dir='ltr'><strong><em>famu</em></strong></span> <span class='ocrx_word' id='word_1_250' title='bbox 722 3074 765 3123; x_wconf 86' lang='lat' dir='ltr'><strong><em>vel</em></strong></span> <span class='ocrx_word' id='word_1_251' title='bbox 787 3074 819 3123; x_wconf 87' lang='lat' dir='ltr'><strong><em>de</em></strong></span> <span class='ocrx_word' id='word_1_252' title='bbox 871 3090 965 3138; x_wconf 80' lang='lat' dir='ltr'><strong><em>quum</em></strong></span> <span class='ocrx_word' id='word_1_253' title='bbox 1003 3080 1035 3123; x_wconf 91' lang='lat' dir='ltr'>tu</span> <span class='ocrx_word' id='word_1_254' title='bbox 1070 3074 1165 3124; x_wconf 87' lang='lat' dir='ltr'><strong><em>modo</em></strong></span> <span class='ocrx_word' id='word_1_255' title='bbox 1207 3074 1349 3125; x_wconf 83' lang='lat' dir='ltr'>dioebes.</span> 
     </span>
     <span class='ocr_line' id='line_1_29' title="bbox 341 3140 1349 3206; baseline 0.003 -17"><span class='ocrx_word' id='word_1_256' title='bbox 341 3156 380 3203; x_wconf 88' lang='lat' dir='ltr'><strong><em>eo,</em></strong></span> <span class='ocrx_word' id='word_1_257' title='bbox 398 3141 467 3204; x_wconf 86' lang='lat' dir='ltr'>quod</span> <span class='ocrx_word' id='word_1_258' title='bbox 485 3141 542 3205; x_wconf 88' lang='lat' dir='ltr'>quis</span> <span class='ocrx_word' id='word_1_259' title='bbox 560 3142 602 3191; x_wconf 88' lang='lat' dir='ltr'><strong><em>vel</em></strong></span> <span class='ocrx_word' id='word_1_260' title='bbox 621 3158 698 3204; x_wconf 87' lang='lat' dir='ltr'>nuno,</span> <span class='ocrx_word' id='word_1_261' title='bbox 717 3142 739 3190; x_wconf 90' lang='lat' dir='ltr'><strong><em>si</em></strong></span> <span class='ocrx_word' id='word_1_262' title='bbox 757 3158 820 3191; x_wconf 92' lang='lat' dir='ltr'><strong><em>non·</em></strong></span> <span class='ocrx_word' id='word_1_263' title='bbox 869 3142 967 3191; x_wconf 76' lang='lat' dir='ltr'>Eodem</span> <span class='ocrx_word' id='word_1_264' title='bbox 990 3148 1118 3191; x_wconf 82' lang='lat' dir='ltr'>structure</span> <span class='ocrx_word' id='word_1_265' title='bbox 1140 3141 1239 3192; x_wconf 83' lang='grc' dir='ltr'><strong><em>Ρλιιιειλ.</em></strong></span> <span class='ocrx_word' id='word_1_266' title='bbox 1264 3159 1289 3206; x_wconf 94' lang='lat' dir='ltr'><strong>p</strong></span> <span class='ocrx_word' id='word_1_267' title='bbox 1312 3140 1349 3193; x_wconf 89' lang='lat'><strong><em>88.</em></strong></span> 
     </span>
     <span class='ocr_line' id='line_1_30' title="bbox 340 3180 1349 3293; baseline 0.001 -36"><span class='ocrx_word' id='word_1_268' title='bbox 340 3210 401 3258; x_wconf 82' lang='lat' dir='ltr'><strong><em>dum</em></strong></span> <span class='ocrx_word' id='word_1_269' title='bbox 424 3209 524 3258; x_wconf 80' lang='lat' dir='ltr'>audivit</span> <span class='ocrx_word' id='word_1_270' title='bbox 540 3216 628 3273; x_wconf 83' lang='lat' dir='ltr'>antea,</span> <span class='ocrx_word' id='word_1_271' title='bbox 658 3180 747 3259; x_wconf 75' lang='lat' dir='ltr'>auliire</span> <span class='ocrx_word' id='word_1_272' title='bbox 763 3217 820 3275; x_wconf 90' lang='lat' dir='ltr'><strong><em>pot·</em></strong></span> <span class='ocrx_word' id='word_1_273' title='bbox 869 3212 910 3259; x_wconf 91' lang='lat' dir='ltr'><strong><em>D.</em></strong></span> <span class='ocrx_word' id='word_1_274' title='bbox 928 3205 1019 3293; x_wconf 80' lang='grc' dir='ltr'><strong><em>ὁγὰρ</em></strong></span> <span class='ocrx_word' id='word_1_275' title='bbox 1041 3207 1148 3273; x_wconf 81' lang='grc' dir='ltr'><strong><em>σφόδρα</em></strong></span> <span class='ocrx_word' id='word_1_276' title='bbox 1171 3207 1326 3263; x_wconf 79' lang='grc' dir='ltr'><strong><em>πιθανόε“</em></strong></span> <span class='ocrx_word' id='word_1_277' title='bbox 1307 3229 1349 3266; x_wconf 84' lang='grc' dir='ltr'><strong><em>ων,</em></strong></span> 
     </span>
     <span class='ocr_line' id='line_1_31' title="bbox 340 3274 1351 3344; baseline -0.003 -16"><span class='ocrx_word' id='word_1_278' title='bbox 340 3284 392 3339; x_wconf 83' lang='grc' dir='ltr'><strong><em>εει,</em></strong></span> <span class='ocrx_word' id='word_1_279' title='bbox 414 3293 464 3327; x_wconf 89' lang='lat' dir='ltr'>usu</span> <span class='ocrx_word' id='word_1_280' title='bbox 480 3277 604 3341; x_wconf 88' lang='lat' dir='ltr'>loquendi</span> <span class='ocrx_word' id='word_1_281' title='bbox 626 3279 679 3328; x_wconf 85' lang='lat' dir='ltr'>sere</span> <span class='ocrx_word' id='word_1_282' title='bbox 695 3285 819 3343; x_wconf 86' lang='lat' dir='ltr'>perpetuo</span> <span class='ocrx_word' id='word_1_283' title='bbox 870 3274 903 3327; x_wconf 82' lang='grc' dir='ltr'><strong><em>ὃν</em></strong></span> <span class='ocrx_word' id='word_1_284' title='bbox 921 3297 934 3327; x_wconf 89' lang='lat' dir='ltr'>o</span> <span class='ocrx_word' id='word_1_285' title='bbox 928 3274 1091 3342; x_wconf 74' lang='grc' dir='ltr'><strong><em>Σωκράτης</em></strong></span> <span class='ocrx_word' id='word_1_286' title='bbox 1109 3277 1180 3342; x_wconf 78' lang='grc' dir='ltr'><strong><em>ἔλεγε</em></strong></span> <span class='ocrx_word' id='word_1_287' title='bbox 1196 3275 1286 3344; x_wconf 82' lang='grc' dir='ltr'><strong><em>λόγον,</em></strong></span> <span class='ocrx_word' id='word_1_288' title='bbox 1306 3296 1351 3328; x_wconf 83' lang='grc' dir='ltr'><strong><em>νον</em></strong></span> 
     </span>
     <span class='ocr_line' id='line_1_32' title="bbox 339 3341 1351 3411; baseline -0.003 -14"><span class='ocrx_word' id='word_1_289' title='bbox 339 3347 450 3411; x_wconf 88' lang='lat' dir='ltr'>ponitur.</span> <span class='ocrx_word' id='word_1_290' title='bbox 469 3362 492 3395; x_wconf 76' lang='lat' dir='ltr'><strong>v</strong></span> <span class='ocrx_word' id='word_1_291' title='bbox 512 3346 681 3397; x_wconf 82' lang='lat' dir='ltr'>Heindorf.</span> <span class='ocrx_word' id='word_1_292' title='bbox 707 3346 783 3396; x_wconf 80' lang='lat' dir='ltr'><strong>adh.</strong></span> <span class='ocrx_word' id='word_1_293' title='bbox 800 3346 819 3394; x_wconf 93' lang='lat' dir='ltr'><strong><em>l.</em></strong></span> <span class='ocrx_word' id='word_1_294' title='bbox 870 3341 1257 3397; x_wconf 75' lang='grc' dir='ltr'><strong><em>είςάπιστίανκαταπέπτωκεν,</em></strong></span> <span class='ocrx_word' id='word_1_295' title='bbox 1275 3346 1351 3397; x_wconf 81' lang='lat' dir='ltr'>Cher-</span> 
     </span>
     <span class='ocr_line' id='line_1_33' title="bbox 340 3410 1350 3498; baseline 0.001 -35"><span class='ocrx_word' id='word_1_296' title='bbox 340 3413 452 3464; x_wconf 83' lang='grc' dir='ltr'><strong><em>Μειιλι.</em></strong></span> <span class='ocrx_word' id='word_1_297' title='bbox 492 3415 535 3464; x_wconf 83' lang='lat' dir='ltr'><strong>Gr.</strong></span> <span class='ocrx_word' id='word_1_298' title='bbox 558 3415 635 3498; x_wconf 83' lang='lat' dir='ltr'><strong>ampl.</strong></span> <span class='ocrx_word' id='word_1_299' title='bbox 665 3417 688 3476; x_wconf 62' lang='grc' dir='ltr'><strong>ᾖ.</strong></span> <span class='ocrx_word' id='word_1_300' title='bbox 710 3411 768 3463; x_wconf 87' lang='grc'><strong>504.</strong></span> <span class='ocrx_word' id='word_1_301' title='bbox 794 3412 818 3464; x_wconf 91' lang='grc'><strong><em>2.</em></strong></span> <span class='ocrx_word' id='word_1_302' title='bbox 870 3413 965 3478; x_wconf 87' lang='lat' dir='ltr'><strong>mid.p</strong></span> <span class='ocrx_word' id='word_1_303' title='bbox 967 3410 1095 3463; x_wconf 88' lang='grc' dir='ltr'><strong>.172..Β</strong></span> <span class='ocrx_word' id='word_1_304' title='bbox 1118 3413 1269 3480; x_wconf 79' lang='lat' dir='ltr'>Theaetp</span> <span class='ocrx_word' id='word_1_305' title='bbox 1273 3411 1350 3465; x_wconf 88' lang='grc'><strong>,157</strong></span> 
     </span>
     <span class='ocr_line' id='line_1_34' title="bbox 338 3430 1351 3545; baseline -0.002 -12"><span class='ocrx_word' id='word_1_306' title='bbox 338 3482 437 3533; x_wconf 85' lang='lat' dir='ltr'>Eodem</span> <span class='ocrx_word' id='word_1_307' title='bbox 464 3483 540 3532; x_wconf 89' lang='grc' dir='ltr'><strong><em>ιιιοιλο</em></strong></span> <span class='ocrx_word' id='word_1_308' title='bbox 565 3480 652 3534; x_wconf 76' lang='grc' dir='ltr'><strong><em>κλύειν</em></strong></span> <span class='ocrx_word' id='word_1_309' title='bbox 674 3480 743 3545; x_wconf 82' lang='lat' dir='ltr'><strong><em>apud</em></strong></span> <span class='ocrx_word' id='word_1_310' title='bbox 768 3481 819 3530; x_wconf 84' lang='lat' dir='ltr'><strong><em>So·</em></strong></span> <span class='ocrx_word' id='word_1_311' title='bbox 870 3482 900 3531; x_wconf 90' lang='lat' dir='ltr'><strong>E.</strong></span> <span class='ocrx_word' id='word_1_312' title='bbox 919 3488 944 3531; x_wconf 89' lang='lat' dir='ltr'>et</span> <span class='ocrx_word' id='word_1_313' title='bbox 949 3430 1079 3545; x_wconf 86' lang='lat' dir='ltr'><strong><em>pplurimis</em></strong></span> <span class='ocrx_word' id='word_1_314' title='bbox 1096 3480 1156 3531; x_wconf 80' lang='lat' dir='ltr'>eliis</span> <span class='ocrx_word' id='word_1_315' title='bbox 1171 3481 1247 3533; x_wconf 89' lang='lat' dir='ltr'>loeis.</span> <span class='ocrx_word' id='word_1_316' title='bbox 1252 3431 1351 3532; x_wconf 48' lang='lat' dir='ltr'><strong><em>l&#39;Priori</em></strong></span> 
     </span>
     <span class='ocr_line' id='line_1_35' title="bbox 339 3548 1399 3616; baseline 0 -15"><span class='ocrx_word' id='word_1_317' title='bbox 339 3550 440 3616; x_wconf 87' lang='lat' dir='ltr'><strong>phoci.</strong></span> <span class='ocrx_word' id='word_1_318' title='bbox 462 3550 641 3601; x_wconf 78' lang='lat' dir='ltr'>Philoctetv</span> <span class='ocrx_word' id='word_1_319' title='bbox 642 3548 744 3611; x_wconf 88' lang='grc'><strong>2.,61</strong></span> <span class='ocrx_word' id='word_1_320' title='bbox 773 3548 819 3598; x_wconf 91' lang='lat' dir='ltr'>ubi</span> <span class='ocrx_word' id='word_1_321' title='bbox 868 3548 983 3599; x_wconf 88' lang='lat' dir='ltr'><strong><em>membro</em></strong></span> <span class='ocrx_word' id='word_1_322' title='bbox 1005 3565 1058 3599; x_wconf 92' lang='grc' dir='ltr'><strong><em>ιιοιι</em></strong></span> <span class='ocrx_word' id='word_1_323' title='bbox 1082 3549 1172 3600; x_wconf 82' lang='lat' dir='ltr'>addite</span> <span class='ocrx_word' id='word_1_324' title='bbox 1198 3556 1238 3600; x_wconf 82' lang='lat' dir='ltr'><strong><em>est</em></strong></span> <span class='ocrx_word' id='word_1_325' title='bbox 1261 3549 1351 3616; x_wconf 76' lang='lat' dir='ltr'>epodo</span> <span class='ocrx_word' id='word_1_326' title='bbox 1396 3597 1399 3603; x_wconf 88' lang='lat'><strong>.</strong></span> 
     </span>
     <span class='ocr_line' id='line_1_36' title="bbox 339 3613 1352 3681; baseline -0.003 -13"><span class='ocrx_word' id='word_1_327' title='bbox 339 3636 363 3669; x_wconf 82' lang='lat' dir='ltr'><strong>v.</strong></span> <span class='ocrx_word' id='word_1_328' title='bbox 382 3620 575 3678; x_wconf 82' lang='lat' dir='ltr'><strong><em>Buttmann.</em></strong></span> <span class='ocrx_word' id='word_1_329' title='bbox 593 3613 820 3669; x_wconf 74' lang='grc' dir='ltr'><strong><em>ειπυνθάνεοθαι</em></strong></span> <span class='ocrx_word' id='word_1_330' title='bbox 870 3618 919 3678; x_wconf 88' lang='lat' dir='ltr'>sis,</span> <span class='ocrx_word' id='word_1_331' title='bbox 943 3633 1021 3681; x_wconf 85' lang='lat' dir='ltr'><strong><em>quum</em></strong></span> <span class='ocrx_word' id='word_1_332' title='bbox 1043 3617 1126 3668; x_wconf 88' lang='lat' dir='ltr'>omitti</span> <span class='ocrx_word' id='word_1_333' title='bbox 1149 3616 1234 3668; x_wconf 86' lang='lat' dir='ltr'>solere</span> <span class='ocrx_word' id='word_1_334' title='bbox 1252 3623 1352 3669; x_wconf 83' lang='lat' dir='ltr'>oonstut</span> 
     </span>
     <span class='ocr_line' id='line_1_37' title="bbox 338 3654 1351 3752; baseline -0.001 -14.999"><span class='ocrx_word' id='word_1_335' title='bbox 338 3689 420 3752; x_wconf 85' lang='lat' dir='ltr'>Legg</span> <span class='ocrx_word' id='word_1_336' title='bbox 443 3688 463 3736; x_wconf 95' lang='grc' dir='ltr'><strong><em>Ι.</em></strong></span> <span class='ocrx_word' id='word_1_337' title='bbox 486 3703 510 3752; x_wconf 93' lang='lat' dir='ltr'><strong>p.</strong></span> <span class='ocrx_word' id='word_1_338' title='bbox 534 3656 592 3737; x_wconf 88' lang='grc'><strong>635.</strong></span> <span class='ocrx_word' id='word_1_339' title='bbox 609 3689 638 3735; x_wconf 90' lang='grc' dir='ltr'><strong><em>Β.</em></strong></span> <span class='ocrx_word' id='word_1_340' title='bbox 674 3687 716 3736; x_wconf 83' lang='lat' dir='ltr'>Sic</span> <span class='ocrx_word' id='word_1_341' title='bbox 740 3687 819 3735; x_wconf 83' lang='lat' dir='ltr'>etiam</span> <span class='ocrx_word' id='word_1_342' title='bbox 870 3654 1043 3749; x_wconf 85' lang='lat' dir='ltr'>subsequente</span> <span class='ocrx_word' id='word_1_343' title='bbox 1071 3687 1124 3736; x_wconf 81' lang='lat' dir='ltr'>sliu</span> <span class='ocrx_word' id='word_1_344' title='bbox 1151 3687 1286 3736; x_wconf 78' lang='lat' dir='ltr'>sententie</span> <span class='ocrx_word' id='word_1_345' title='bbox 1313 3701 1351 3736; x_wconf 86' lang='grc' dir='ltr'><strong><em>ιιι-</em></strong></span> 
     </span>
     <span class='ocr_line' id='line_1_38' title="bbox 338 3751 1352 3820; baseline -0.001 -15"><span class='ocrx_word' id='word_1_346' title='bbox 338 3755 595 3805; x_wconf 82' lang='lat' dir='ltr'>Letinieudireet</span> <span class='ocrx_word' id='word_1_347' title='bbox 585 3755 764 3818; x_wconf 81' lang='lat' dir='ltr'>taooipere</span> <span class='ocrx_word' id='word_1_348' title='bbox 782 3753 819 3801; x_wconf 87' lang='lat' dir='ltr'><strong><em>di·</em></strong></span> <span class='ocrx_word' id='word_1_349' title='bbox 869 3754 964 3818; x_wconf 88' lang='lat' dir='ltr'>periori</span> <span class='ocrx_word' id='word_1_350' title='bbox 986 3769 1031 3819; x_wconf 85' lang='lat' dir='ltr'><strong><em>per</em></strong></span> <span class='ocrx_word' id='word_1_351' title='bbox 1055 3752 1082 3802; x_wconf 86' lang='grc' dir='ltr'><strong><em>εἰ</em></strong></span> <span class='ocrx_word' id='word_1_352' title='bbox 1103 3751 1133 3802; x_wconf 78' lang='grc' dir='ltr'><strong><em>δέ</em></strong></span> <span class='ocrx_word' id='word_1_353' title='bbox 1154 3753 1199 3803; x_wconf 86' lang='lat' dir='ltr'><strong><em>vel</em></strong></span> <span class='ocrx_word' id='word_1_354' title='bbox 1223 3753 1251 3804; x_wconf 77' lang='grc' dir='ltr'><strong><em>εἰ</em></strong></span> <span class='ocrx_word' id='word_1_355' title='bbox 1273 3753 1303 3804; x_wconf 77' lang='grc' dir='ltr'><strong><em>δὲ</em></strong></span> <span class='ocrx_word' id='word_1_356' title='bbox 1320 3752 1352 3820; x_wconf 76' lang='grc' dir='ltr'><strong><em>μή</em></strong></span> 
     </span>
     <span class='ocr_line' id='line_1_39' title="bbox 340 3819 1351 3887; baseline 0 -15"><span class='ocrx_word' id='word_1_357' title='bbox 340 3828 413 3886; x_wconf 86' lang='lat' dir='ltr'>eunt,</span> <span class='ocrx_word' id='word_1_358' title='bbox 441 3823 472 3871; x_wconf 86' lang='lat' dir='ltr'><strong><em>de</em></strong></span> <span class='ocrx_word' id='word_1_359' title='bbox 496 3838 546 3887; x_wconf 92' lang='lat' dir='ltr'><strong><em>quo</em></strong></span> <span class='ocrx_word' id='word_1_360' title='bbox 565 3837 614 3871; x_wconf 85' lang='lat' dir='ltr'>usu</span> <span class='ocrx_word' id='word_1_361' title='bbox 636 3838 660 3873; x_wconf 87' lang='lat' dir='ltr'><strong>v.</strong></span> <span class='ocrx_word' id='word_1_362' title='bbox 679 3822 819 3870; x_wconf 90' lang='lat' dir='ltr'>Heusin-</span> <span class='ocrx_word' id='word_1_363' title='bbox 870 3823 996 3886; x_wconf 86' lang='lat' dir='ltr'>opposita.</span> <span class='ocrx_word' id='word_1_364' title='bbox 1026 3821 1060 3874; x_wconf 82' lang='lat' dir='ltr'><strong><em>of,</em></strong></span> <span class='ocrx_word' id='word_1_365' title='bbox 1087 3821 1206 3871; x_wconf 84' lang='lat' dir='ltr'>Metth.</span> <span class='ocrx_word' id='word_1_366' title='bbox 1241 3824 1266 3884; x_wconf 64' lang='grc' dir='ltr'><strong><em>ς.</em></strong></span> <span class='ocrx_word' id='word_1_367' title='bbox 1296 3819 1351 3872; x_wconf 94' lang='grc'><strong>617.</strong></span> 
     </span>
     <span class='ocr_line' id='line_1_40' title="bbox 338 3886 1351 3955; baseline -0.001 -13.976"><span class='ocrx_word' id='word_1_368' title='bbox 338 3908 402 3955; x_wconf 73' lang='lat' dir='ltr'><strong>ger.</strong></span> <span class='ocrx_word' id='word_1_369' title='bbox 428 3890 460 3939; x_wconf 84' lang='lat' dir='ltr'><strong><em>ud</em></strong></span> <span class='ocrx_word' id='word_1_370' title='bbox 487 3886 819 3950; x_wconf 78' lang='lat' dir='ltr'><strong>cic.0ffie.1,6,19.</strong></span> <span class='ocrx_word' id='word_1_371' title='bbox 869 3889 1025 3953; x_wconf 82' lang='lat' dir='ltr'>Plerumque</span> <span class='ocrx_word' id='word_1_372' title='bbox 1047 3889 1162 3954; x_wconf 80' lang='lat' dir='ltr'>intelligi</span> <span class='ocrx_word' id='word_1_373' title='bbox 1186 3889 1251 3940; x_wconf 84' lang='lat' dir='ltr'>lieet</span> <span class='ocrx_word' id='word_1_374' title='bbox 1273 3891 1351 3940; x_wconf 73' lang='grc' dir='ltr'><strong><em>καλῶς</em></strong></span> 
     </span>
     <span class='ocr_line' id='line_1_41' title="bbox 339 3954 1352 4021; baseline -0.002 -12"><span class='ocrx_word' id='word_1_375' title='bbox 339 3958 516 4010; x_wconf 80' lang='lat' dir='ltr'>Ge1nhsrd.</span> <span class='ocrx_word' id='word_1_376' title='bbox 546 3957 579 4006; x_wconf 84' lang='lat' dir='ltr'>sd</span> <span class='ocrx_word' id='word_1_377' title='bbox 606 3956 678 4006; x_wconf 83' lang='lat' dir='ltr'>Lael.</span> <span class='ocrx_word' id='word_1_378' title='bbox 703 3955 747 4016; x_wconf 92' lang='lat'><strong><em>10,</em></strong></span> <span class='ocrx_word' id='word_1_379' title='bbox 777 3954 818 4007; x_wconf 87' lang='grc'><strong><em>34.</em></strong></span> <span class='ocrx_word' id='word_1_380' title='bbox 870 3957 927 4020; x_wconf 83' lang='grc' dir='ltr'><strong><em>ἔχει.</em></strong></span> <span class='ocrx_word' id='word_1_381' title='bbox 962 3956 1205 4007; x_wconf 80' lang='lat' dir='ltr'>Adheeeuutem:</span> <span class='ocrx_word' id='word_1_382' title='bbox 1228 3957 1257 4007; x_wconf 84' lang='lat' dir='ltr'><strong><em>el</em></strong></span> <span class='ocrx_word' id='word_1_383' title='bbox 1274 3957 1304 4007; x_wconf 78' lang='grc' dir='ltr'><strong><em>δε</em></strong></span> <span class='ocrx_word' id='word_1_384' title='bbox 1320 3974 1352 4021; x_wconf 87' lang='grc' dir='ltr'><strong><em>μη</em></strong></span> 
     </span>
     <span class='ocr_line' id='line_1_42' title="bbox 340 3993 1352 4091; baseline -0.003 -14"><span class='ocrx_word' id='word_1_385' title='bbox 340 4027 495 4077; x_wconf 79' lang='lat' dir='ltr'>Goerenn.</span> <span class='ocrx_word' id='word_1_386' title='bbox 514 4025 546 4075; x_wconf 82' lang='lat' dir='ltr'><strong><em>ad</em></strong></span> <span class='ocrx_word' id='word_1_387' title='bbox 564 4027 645 4091; x_wconf 83' lang='lat' dir='ltr'><strong>Legg.</strong></span> <span class='ocrx_word' id='word_1_388' title='bbox 663 4024 696 4086; x_wconf 93' lang='grc' dir='ltr'><strong>ΙΙ,</strong></span> <span class='ocrx_word' id='word_1_389' title='bbox 717 3993 758 4084; x_wconf 88' lang='grc'><strong><em>26,</em></strong></span> <span class='ocrx_word' id='word_1_390' title='bbox 777 4023 817 4074; x_wconf 95' lang='grc'><strong><em>64</em></strong></span> <span class='ocrx_word' id='word_1_391' title='bbox 870 4030 1001 4074; x_wconf 87' lang='grc' dir='ltr'><strong><em>τουτο-</em></strong></span> <span class='ocrx_word' id='word_1_392' title='bbox 1018 4028 1105 4088; x_wconf 81' lang='grc' dir='ltr'><strong><em>χειρω,</em></strong></span> <span class='ocrx_word' id='word_1_393' title='bbox 1129 4022 1177 4091; x_wconf 79' lang='grc' dir='ltr'><strong><em>μή,</em></strong></span> <span class='ocrx_word' id='word_1_394' title='bbox 1202 4041 1217 4074; x_wconf 85' lang='lat' dir='ltr'>e</span> <span class='ocrx_word' id='word_1_395' title='bbox 1241 4027 1352 4091; x_wconf 84' lang='lat' dir='ltr'>superio·</span> 
     </span>
     <span class='ocr_line' id='line_1_43' title="bbox 341 4061 1351 4176; baseline -0.002 -32"><span class='ocrx_word' id='word_1_396' title='bbox 341 4095 438 4144; x_wconf 83' lang='grc' dir='ltr'><strong><em>Οοιιε</em></strong></span> <span class='ocrx_word' id='word_1_397' title='bbox 467 4094 500 4144; x_wconf 79' lang='lat' dir='ltr'><strong><em>ud</em></strong></span> <span class='ocrx_word' id='word_1_398' title='bbox 528 4095 625 4144; x_wconf 82' lang='lat' dir='ltr'><strong>Lucan.</strong></span> <span class='ocrx_word' id='word_1_399' title='bbox 649 4093 676 4155; x_wconf 88' lang='grc' dir='ltr'><strong>Ι,</strong></span> <span class='ocrx_word' id='word_1_400' title='bbox 691 4061 762 4142; x_wconf 81' lang='grc'><strong>559.</strong></span> <span class='ocrx_word' id='word_1_401' title='bbox 785 4120 818 4130; x_wconf 89' lang='grc'><strong>-</strong></span> <span class='ocrx_word' id='word_1_402' title='bbox 869 4092 942 4142; x_wconf 90' lang='lat' dir='ltr'>ribus</span> <span class='ocrx_word' id='word_1_403' title='bbox 968 4093 1167 4176; x_wconf 84' lang='lat' dir='ltr'>intelligendum</span> <span class='ocrx_word' id='word_1_404' title='bbox 1197 4093 1351 4158; x_wconf 85' lang='lat' dir='ltr'>relinquitur</span> 
     </span>
     <span class='ocr_line' id='line_1_44' title="bbox 341 4155 1351 4227; baseline -0.001 -16"><span class='ocrx_word' id='word_1_405' title='bbox 341 4155 380 4212; x_wconf 75' lang='grc' dir='ltr'><strong><em>οιλ</em></strong></span> <span class='ocrx_word' id='word_1_406' title='bbox 374 4163 453 4212; x_wconf 79' lang='grc' dir='ltr'><strong><em>ικαὶ</em></strong></span> <span class='ocrx_word' id='word_1_407' title='bbox 475 4159 511 4211; x_wconf 85' lang='grc' dir='ltr'><strong><em>σὺ</em></strong></span> <span class='ocrx_word' id='word_1_408' title='bbox 529 4158 575 4211; x_wconf 88' lang='grc' dir='ltr'><strong><em>ἀκ.</em></strong></span> <span class='ocrx_word' id='word_1_409' title='bbox 593 4178 617 4210; x_wconf 82' lang='lat' dir='ltr'><strong>v.</strong></span> <span class='ocrx_word' id='word_1_410' title='bbox 636 4159 819 4226; x_wconf 81' lang='grc' dir='ltr'><strong>μ.455.Ε.-</strong></span> <span class='ocrx_word' id='word_1_411' title='bbox 871 4165 945 4210; x_wconf 82' lang='grc' dir='ltr'><strong><em>τοῦτο</em></strong></span> <span class='ocrx_word' id='word_1_412' title='bbox 963 4157 1061 4225; x_wconf 63' lang='lat' dir='ltr'>etquis</span> <span class='ocrx_word' id='word_1_413' title='bbox 1080 4159 1192 4219; x_wconf 49' lang='lat' dir='ltr'><strong><em>bonvs</em></strong></span> <span class='ocrx_word' id='word_1_414' title='bbox 1183 4178 1213 4211; x_wconf 87' lang='grc' dir='ltr'><strong><em>ιιι</em></strong></span> <span class='ocrx_word' id='word_1_415' title='bbox 1230 4177 1284 4227; x_wconf 86' lang='lat' dir='ltr'><strong><em>quo</em></strong></span> <span class='ocrx_word' id='word_1_416' title='bbox 1300 4177 1351 4211; x_wconf 90' lang='grc' dir='ltr'><strong><em>ιιοιι</em></strong></span> 
     </span>
     <span class='ocr_line' id='line_1_45' title="bbox 341 4226 1351 4314; baseline 0.002 -36"><span class='ocrx_word' id='word_1_417' title='bbox 341 4226 396 4279; x_wconf 85' lang='grc' dir='ltr'><strong><em>τὸι</em></strong></span> <span class='ocrx_word' id='word_1_418' title='bbox 416 4233 536 4280; x_wconf 79' lang='grc' dir='ltr'><strong><em>νεωστὶ</em></strong></span> <span class='ocrx_word' id='word_1_419' title='bbox 556 4226 819 4294; x_wconf 83' lang='grc' dir='ltr'><strong><em>τετελευτηκότα.</em></strong></span> <span class='ocrx_word' id='word_1_420' title='bbox 871 4235 910 4278; x_wconf 85' lang='grc' dir='ltr'><strong><em>εει</em></strong></span> <span class='ocrx_word' id='word_1_421' title='bbox 927 4228 995 4292; x_wconf 90' lang='lat' dir='ltr'>quod</span> <span class='ocrx_word' id='word_1_422' title='bbox 1012 4229 1127 4279; x_wconf 80' lang='lat' dir='ltr'>haereas</span> <span class='ocrx_word' id='word_1_423' title='bbox 1162 4230 1266 4314; x_wconf 88' lang='lat' dir='ltr'>Neque</span> <span class='ocrx_word' id='word_1_424' title='bbox 1278 4231 1351 4280; x_wconf 78' lang='lat' dir='ltr'>etism</span> 
     </span>
     <span class='ocr_line' id='line_1_46' title="bbox 340 4295 1352 4382; baseline 0.001 -35"><span class='ocrx_word' id='word_1_425' title='bbox 340 4298 424 4347; x_wconf 86' lang='lat' dir='ltr'>Vooes</span> <span class='ocrx_word' id='word_1_426' title='bbox 447 4315 563 4363; x_wconf 89' lang='lat' dir='ltr'>nuper,</span> <span class='ocrx_word' id='word_1_427' title='bbox 589 4300 694 4357; x_wconf 75' lang='lat' dir='ltr'>temon,</span> <span class='ocrx_word' id='word_1_428' title='bbox 724 4297 819 4346; x_wconf 89' lang='lat' dir='ltr'><strong><em>modo</em></strong></span> <span class='ocrx_word' id='word_1_429' title='bbox 870 4296 936 4345; x_wconf 89' lang='lat' dir='ltr'>illud</span> <span class='ocrx_word' id='word_1_430' title='bbox 954 4297 1069 4359; x_wconf 68' lang='lat' dir='ltr'>offendit</span> <span class='ocrx_word' id='word_1_431' title='bbox 1086 4296 1156 4382; x_wconf 83' lang='lat' dir='ltr'>quod</span> <span class='ocrx_word' id='word_1_432' title='bbox 1171 4295 1266 4363; x_wconf 89' lang='lat' dir='ltr'>post</span> <span class='ocrx_word' id='word_1_433' title='bbox 1248 4315 1288 4348; x_wconf 86' lang='grc' dir='ltr'><strong><em>οτι</em></strong></span> <span class='ocrx_word' id='word_1_434' title='bbox 1298 4298 1352 4348; x_wconf 75' lang='grc' dir='ltr'><strong><em>ιλλε</em></strong></span> 
     </span>
     <span class='ocr_line' id='line_1_47' title="bbox 341 4337 1351 4431; baseline 0.001 -17"><span class='ocrx_word' id='word_1_435' title='bbox 341 4366 487 4428; x_wconf 87' lang='lat' dir='ltr'>brevius,</span> <span class='ocrx_word' id='word_1_436' title='bbox 539 4367 631 4416; x_wconf 89' lang='lat' dir='ltr'><strong><em>modo</em></strong></span> <span class='ocrx_word' id='word_1_437' title='bbox 682 4337 819 4431; x_wconf 83' lang='lat' dir='ltr'>longius</span> <span class='ocrx_word' id='word_1_438' title='bbox 870 4361 1351 4417; x_wconf 59' lang='lat' dir='ltr'>tusestinfinitivusotuotetstvffllem</span> 
     </span>
     <span class='ocr_line' id='line_1_48' title="bbox 341 4429 1351 4502; baseline -0.002 -18"><span class='ocrx_word' id='word_1_439' title='bbox 341 4440 468 4498; x_wconf 88' lang='lat' dir='ltr'>tempus</span> <span class='ocrx_word' id='word_1_440' title='bbox 486 4433 664 4500; x_wconf 78' lang='lat' dir='ltr'>designare</span> <span class='ocrx_word' id='word_1_441' title='bbox 682 4449 761 4497; x_wconf 90' lang='lat' dir='ltr'><strong><em>quum</em></strong></span> <span class='ocrx_word' id='word_1_442' title='bbox 773 4433 820 4484; x_wconf 84' lang='grc' dir='ltr'><strong><em>κλι</em></strong></span> <span class='ocrx_word' id='word_1_443' title='bbox 871 4433 941 4483; x_wconf 88' lang='lat' dir='ltr'>enim</span> <span class='ocrx_word' id='word_1_444' title='bbox 957 4432 1095 4484; x_wconf 80' lang='lat' dir='ltr'>dicendum</span> <span class='ocrx_word' id='word_1_445' title='bbox 1116 4429 1180 4484; x_wconf 80' lang='lat' dir='ltr'>fuit:</span> <span class='ocrx_word' id='word_1_446' title='bbox 1207 4431 1351 4502; x_wconf 77' lang='grc' dir='ltr'><strong><em>ὁμολογεῖν,</em></strong></span> 
     </span>
    </p>
   </div>
   <div class='ocr_carea' id='block_1_5' title="bbox 0 0 1626 5259">
    <p class='ocr_par' dir='ltr' id='par_1_7' title="bbox 0 0 1626 5259">
     <span class='ocr_line' id='line_1_49' title="bbox 0 0 1626 5259; baseline 0 0"><span class='ocrx_word' id='word_1_447' title='bbox 0 0 1626 5259; x_wconf 95' lang='lat' dir='ltr'><strong><em> </em></strong></span> 
     </span>
    </p>
   </div>
  </div>
 </body>
</html>
