3242 5259
513 596 697 657 GORGIAS.
718 598 752 656 P.
776 600 847 657 512.
870 602 940 656 513.
963 600 1008 658 od.
1031 600 1075 658 st.
1243 603 1303 661 297

289 751 315 822 ὦ
337 759 499 841 δαιμόνιε,
529 760 705 841 πεισόμεθα
733 754 812 842 ὅπερ
834 759 914 842 φασὶ
933 759 991 835 τὰς
1010 761 1070 845 τὴν
1090 763 1228 845 σελήνην
1248 787 1303 827 αα-

287 857 488 936 θαιροόσας,
516 856 574 930 τὰς
597 857 803 935 Θετταλίόας,
834 851 897 922 σὺν
923 862 994 932 τοῖς·
1018 861 1181 940 φιλτάτοις
1209 862 1231 944 ἡ
1258 861 1304 924 αἴ-

288 970 374 1036 ρεσις
405 957 484 1038 ἡμῖν
512 949 598 1017 ἔσται
626 957 744 1037 ταύτης
772 965 830 1039 τῆς
849 956 1016 1038 δυνάμεως
1044 967 1101 1040 τῆς
1128 956 1164 1021 ἐν
1191 969 1230 1041 τῇ
1247 960 1303 1023 πό-

286 1057 343 1116 λει.
386 1053 413 1115 εΙ
447 1049 481 1117 δέ
516 1067 568 1115 σοι
603 1052 662 1115 οἴει
689 1054 843 1117 ὁντινοῦν
880 1055 1068 1132 ἀνθρώπων
1100 1057 1303 1134 παραδώσειν

286 1147 403 1232 τέχνην
422 1148 495 1213 τινὰ
515 1151 678 1232 τοιαύτην,
697 1151 766 1234 ἥτις
786 1165 819 1213 σε
840 1153 965 1234 ποιήσει
984 1148 1065 1233 μέγα
1085 1154 1246 1217 δύνασθαι
1266 1153 1302 1217 ἐν
1336 1152 1365 1216 Β

287 1257 327 1328 τη
355 1247 447 1310 πόλει
471 1247 546 1330 τῇδε
575 1249 733 1330 όνόμοιον
759 1253 838 1312 ὄντα
865 1260 905 1331 τῇ
934 1251 1076 1333 πολιτείᾳ
1104 1245 1156 1314 εἴτ’
1185 1249 1236 1314 ἐπὶ
1266 1250 1302 1315 τὸ

287 1343 415 1426 βέλτιον
445 1338 495 1408 εἴτ’
524 1344 575 1408 ἐπὶ
602 1347 639 1410 τὸ
666 1350 792 1427 χεῖρον,
820 1345 864 1421 ὡς
886 1344 956 1429 ἐμοὶ
976 1347 1082 1425 δοκεῖ,
1113 1343 1175 1412 οὐκ
1194 1348 1303 1430 ὀρθῶς

338 1562 367 1610 Ρ.
386 1558 443 1611 513.
463 1565 504 1627 τῷ
523 1558 668 1629 δήμῳτηλ
685 1558 890 1630 Ἀθηναίων]
909 1563 1027 1616 SioPar.
1046 1565 1173 1617 BCFW.
1190 1566 1260 1617 Flor.
1278 1584 1301 1617 a.

288 1647 323 1695 τῳ
340 1612 507 1694 Ἀθηναίων,
526 1611 598 1715 quod‘
612 1631 709 1694 recepit
726 1631 839 1682 Bokker.
866 1632 943 1698 Vulg
962 1631 1038 1699 apii.
1056 1639 1116 1693 τόν,
1139 1634 1209 1685 unda
1225 1635 1302 1686 facile

287 1697 428 1762 exsculpaa
446 1701 481 1763 τῷ
498 1701 550 1745 τόν
566 1692 728 1761 ’ΉΑθηναιων

339 1748 529 1825 πεισόμεθα
547 1762 627 1829 ὅπερ
648 1763 739 1831 φασλ]
758 1767 790 1816 V.
808 1764 968 1826 πεισόμεθα,
986 1768 1069 1817 forma
1086 1769 1199 1819 soloooa.
1223 1771 1302 1820 Recta

288 1832 377 1882 Clark.
395 1833 452 1882 Vat
478 1831 557 1882 Ooial.
580 1834 639 1887 Par.
662 1834 781 1884 EIVW.
800 1833 875 1883 Bodl.
898 1840 924 1884 et
945 1851 984 1900 pr
1001 1835 1079 1885 vind.
1097 1834 1122 1887 2.
1146 1836 1301 1898 πεισόμεθα.

286 1901 320 1950 Et
337 1902 456 1965 sequitur
472 1901 574 1950 etiam
566 1918 595 1950 ιιι
613 1902 742 1951 sententia
757 1901 942 1952 illustrationis
960 1919 1051 1954 caussa
1068 1903 1170 1955 adiecta
1186 1906 1301 1955 futurum

286 1968 365 2018 ἔσται.
409 1968 478 2018 Dein
503 1966 655 2020 Θετταλιόαε
684 1968 772 2019 Clark.
800 1970 860 2019 Vat.
886 1970 952 2020 Van.
976 1971 1008 2021 Σ.
1032 1971 1109 2022 vinu
1133 1970 1157 2022 2.
1181 1970 1205 2022 l
1233 1975 1300 2039 Aug.

284 2038 392 2086 Mearm.
410 2037 515 2089 From
497 2051 599 2086 x.oum
616 2036 656 2086 ad.
672 2039 733 2088 Bao.
750 2035 774 2088 2.
808 2038 864 2103 Lag
865 2036 957 2088 ebatur
973 2039 1053 2105 vulgo
1075 2037 1232 2091 θετταλιιιόε

337 2103 369 2153 al
392 2102 427 2153 δι’
450 2119 499 2154 σοι
523 2103 601 2171 οἴει]
636 2106 667 2158 V.
691 2101 725 2155 οὐ
742 2105 800 2155 οἴει.
836 2054 985 2157 (igonaotum
1002 2122 1017 2156 a
1035 2106 1123 2157 Clark.
1140 2108 1199 2158 Vat.
1218 2107 1298 2158 Coial.

285 2172 345 2222 Par.
362 2171 487 2222 BOFW.

285 2393 338 2426 non
365 2376 518 2441 potuit-
547 2379 588 2442 τῷ
615 2371 654 2425 δ’
637 2393 704 2442 ημηι
728 2380 769 2442 τῷ
824 2373 974 2429 ΘετταλΙόει
992 2374 1108 2460 λεἠονται
1126 2381 1178 2427 τῶν
1194 2373 1300 2440 aanor·

285 2440 485 2524 Ἀθηναίων.
528 2426 616 2494 Habet
638 2443 702 2494 λιεεσ
725 2459 769 2510 ap·
819 2449 878 2504 μῶν
911 2444 953 2493 καλ
990 2448 1042 2493 τῶν
1076 2444 1168 2494 ποόαλν
1192 2446 1300 2510 (Zeno-

284 2513 380 2577 poaitio
397 2513 486 2561 nennio
504 2512 591 2575 quid'
583 2511 720 2573 irrisionis,
739 2517 769 2562 ut
820 2511 895 2561 bins
912 2512 962 2577 leg.
965 2510 1091 2595 παιδων)
1105 2514 1300 2577 στερισκεσθαι.

283 2579 346 2630 huio
382 2580 439 2630 loco
468 2579 546 2645 plano
574 2549 769 2630 accommorlata
819 2580 920 2643 εἴρηται
942 2571 993 2629 οὖν
1004 2575 1026 2663 ἡ
1044 2584 1170 2643 παροιμία
1187 2579 1229 2631 ἐπὶ
1248 2585 1300 2630 τῶν

284 2647 326 2698 ait
351 2647 404 2697 vid.
427 2646 460 2696 ad
484 2647 593 2713 Apolog.
618 2647 715 2698 Soorat.
741 2664 766 2712 p.
819 2646 921 2699 όαοιοῖε
950 2646 1013 2697 κακὰ
1041 2646 1298 2708 ἐπισπωμένων.-

283 2713 324 2766 34.
344 2715 377 2767 A
395 2715 493 2765 Criton.
511 2732 535 2780 p.
553 2714 595 2766 51.
613 2716 645 2765 A.
676 2716 767 2780 Itaque
820 2714 861 2764 Ad
884 2715 953 2766 hano
976 2715 1114 2766 dictionem
1141 2715 1234 2766 deindo
1261 2734 1300 2767 ιο·

283 2782 418 2866 vulgatam
445 2782 583 2832 lectionem
611 2789 647 2849 τφ
669 2783 691 2832 ό.
716 2788 768 2833 τῶν
820 2782 933 2847 apiciana
961 2780 1067 2833 dioit‘
1053 2801 1069 2847 η
1097 2785 1228 2865 αἵρεσις
1257 2782 1297 2850 ηἰι

284 2847 377 2933 Ἀθην.
396 2856 495 2900 mutare
511 2851 619 2934 placuit.
819 2849 902 2908 ἔσται,
924 2850 1048 2901 ludens
1039 2867 1068 2901 ιιι
1085 2853 1157 2903 vooia
1173 2853 1300 2934 aprbigui·

318 2915 406 2971 rinna
424 2917 519 3002 μη’,-
531 2915 592 2968 σόν
609 2923 680 2970 τοῖς
696 2920 765 3003 φιλ·
819 2923 880 2968 tata
897 2919 988 2984 Itaque
1006 2920 1134 2970 santerna
1150 2922 1230 2972 totius
1246 2921 1297 2972 loor

285 2983 392 3038 τόποις
443 3005 459 3052 η
503 2987 635 3050 αἵρεσις
686 2982 767 3052 ἡμῖν
818 2985 883 3036 haeo
905 2993 958 3037 eat:
986 2987 1046 3039 hoo
1076 2988 1151 3038 vida
1174 3005 1212 3039 an
1235 2989 1299 3039 tibi

284 3053 374 3103 ἔσται
392 3051 439 3119 -·]
464 3055 550 3103 Verba
569 3053 691 3106 σὺντοιε
709 3057 764 3117 φιλ·
819 3055 977 3120 expediat
1008 3061 1107 3120 atquo
1134 3058 1227 3120 mihi,
1261 3073 1299 3107 na

284 3118 424 3173 ταίοιε-
448 3126 491 3187 τῆι
515 3119 603 3187 ἐπιῇ
626 3119 698 3171 πόλει
720 3138 766 3204 por
818 3121 1076 3173 nobisaooidat
1105 3124 1299 3188 quodanni-

283 3190 440 3272 epanagnosin
463 3189 552 3239 addita
575 3194 636 3239 aunt
652 3192 766 3255 superio·
818 3189 897 3240 dere
916 3189 1030 3240 dieunt
1048 3193 1139 3257 sagis
1156 3193 1299 3243 Thessa·

283 3256 388 3306 rubus
373 3274 445 3309 οπιοε
463 3273 497 3322 μα
515 3254 678 3318 πεισόμεθα
696 3257 766 3322 quod
818 3257 863 3307 lis
892 3258 1005 3308 lunam
1041 3257 1298 3323 deducentibus,

281 3325 581 3444 ηὲηιιεΔεοιιφιιιιΙσιισιιξ
598 3325 723 3442 tatrtp1ad
723 3343 765 3444 2p
817 3325 982 3376 videlieet
1009 3340 1048 3374 no
1083 3342 1155 3442 cupri
1184 3298 1298 3378 damno

465 3409 507 3443 oo
576 3409 635 3443 oora
817 3409 941 3456 eorum,
992 3408 1052 3443 uao
1076 3409 1116 3443 no
1145 3410 1175 3444 ιε
1198 3396 1298 3445 naria-

282 3461 313 3510 A.
331 3410 477 3525 etmoxlp
496 3409 765 3545 5813.C.1n’v13rbis.
818 3409 1220 3524 aimae’sszdabannhffe
1238 3478 1297 3513 oum

282 3527 465 3577 πέπονθα-
490 3525 591 3581 πόθοι·
624 3524 656 3578 οό
694 3525 764 3578 πάνυ
817 3529 911 3579 damno
928 3529 1032 3578 virtutis
1049 3529 1242 3594 ethonestatis,
1260 3530 1297 3581 ad

283 3612 323 3645 σοι
359 3596 496 3656 πείθομαι,
539 3612 629 3646 ruraua
667 3597 765 3647 notavi.
816 3613 875 3647 noa
904 3596 1105 3647 deducamus
1135 3600 1235 3649 istam
1261 3599 1296 3649 in

281 3662 353 3714 Male
375 3663 441 3714 haec
464 3670 618 3714 convertunt
640 3664 765 3750 intorpro·
817 3665 959 3714 civitate
977 3666 1171 3729 potentiam.
1189 3669 1297 3718 Prover-

280 3738 332 3793 tes‚
359 3732 436 3795 quasi
460 3727 521 3798 ημῖν
544 3733 609 3782 ἔσται
632 3748 679 3797 pro
704 3729 765 3812 qno
815 3731 885 3782 biala
901 3732 1025 3817 loquendi
1041 3749 1125 3816 genua
1148 3750 1205 3785 essa
1227 3735 1297 3786 vide·

280 3800 352 3849 ἔσται
381 3800 569 3865 logisoeut-
591 3798 647 3864 τὴν
674 3798 764 3866 σελὴ-
816 3806 858 3850 tur
886 3798 938 3850 σὺν
968 3807 1021 3853 ιοῑε
1049 3799 1191 3864 φιλτότοιε,
1225 3819 1296 3855 uum

283 3885 346 3932 νην
363 3869 561 3930 καθαιρειν
587 3867 697 3917 lunam
716 3869 764 3918 da
815 3869 950 3920 motura
973 3884 1230 3921 carissimorum
1253 3888 1296 3936 p1

279 3936 410 3996 ducere,
427 3935 764 3999 frequenterdiouuturvo·
814 3953 959 4003 gnorum.
993 3937 1222 3989 Heindorfiuo
1251 3938 1295 3988 ἐπὶ

278 4003 377 4052 nefioao
391 3972 541 4054 T’hessalae.
559 4020 584 4053 v.
602 4003 711 4069 interpp.
731 4005 764 4055 ad
815 4005 1067 4070 manuscriptum
1088 4007 1208 4057 malebat.
1244 4006 1295 4057 Sed

277 4071 392 4121 Horat.
409 4071 491 4135 Epod.
504 4088 529 4120 v.
538 4069 579 4122 45
598 4070 723 4121 Tibull.
741 4072 762 4135 1,
814 4072 882 4135 vido,
900 4088 934 4122 an
952 4073 1088 4155 vulgatum
1104 4079 1208 4124 tueatur
1229 4075 1296 4124 illud

276 4137 307 4198 2,
331 4136 373 4189 43.
402 4139 494 4192 Voss.
522 4138 555 4189 ad
578 4140 650 4204 Virg.
673 4139 763 4206 Eclog.
814 4139 948 4190 Homeri
965 4138 1091 4189 Iliada
1109 4157 1174 4192 vora
1194 4140 1295 4194 161:-

277 4175 350 4256 VlII.
374 4222 399 4255 v.
421 4204 456 4258 69
473 4222 545 4270 εοηη.
578 4206 652 4257 Abiit
675 4213 762 4259 autam
815 4206 866 4258 σόν
890 4225 916 4257 τε
937 4204 1040 4274 μεγαλῳ
1065 4204 1204 4269 ἀπέτισαν,
1236 4207 1296 4261 >lov

277 4289 318 4324 rea
345 4275 373 4323 in
402 4274 576 4338 proverbium.
626 4274 759 4327 Suidaa:
815 4283 912 4341 σφησιν
922 4276 1075 4341 κιφαλησιν
1093 4248 1204 4342 γυναιξό
1215 4296 1241 4328 τε
1251 4274 1295 4328 και

277 4338 335 4392 'Eat
356 4347 443 4392 σαντα]
462 4360 509 4409 την
536 4339 649 4408 σελήνην
667 4343 760 4393 καθέλ-
811 4343 949 4394 τεκέεσσιν.

278 4426 345 4462 κατε
364 4393 761 4477 αἱτῆναελήνηνκαθελκοοσαι
846 4413 875 4462 Β.
910 4407 966 4461 εἰτ’
1004 4409 1058 4461 ἐπὶ
1096 4406 1131 4462 τό
1160 4410 1295 4477 βέλτιον
