3242 5259
310 611 368 666 180
719 601 917 662 PLATONIS

307 769 432 832 τούτων
454 764 563 847 [ἐστίν]
592 764 612 845 ἢ
643 765 746 847 βλάβη
767 763 787 845 ἢ
809 764 992 846 ἀμφότερα;
1027 763 1139 825 flam.
1164 756 1320 844 Ἀνάγκη.

308 866 383 929 aaz.
406 851 477 946 'Ao'
507 857 568 926 οὑν
596 862 820 944 ἀληεινότερόν
847 860 913 924 ἐστι
938 870 997 924 τοῦ
1018 858 1173 924 πένεσθαι
1192 860 1249 924 καὶ
1268 862 1320 925 κά·

307 983 400 1046 μνειν
436 961 472 1025 τὸ
508 962 622 1024 ἀδιπον
657 954 739 1024 εἶναι
764 959 817 1023 παὶ
845 960 1024 1023 ἀκόλαστον
1052 958 1106 1021 καὶ
1134 958 1243 1022 δειλὸν
1269 958 1321 1023 καὶ

308 1061 437 1143 άμαθη;
478 1061 584 1121 used.
618 1058 687 1120 Οὐκ
715 1053 821 1139 ἔμοιγε
848 1058 954 1131 δοκεῖ,
984 1048 1010 1120 ὦ
1039 1057 1229 1136 Σώκρατες,
1258 1057 1320 1120 ἀπὸ

306 1159 431 1221 τούτων
451 1178 496 1238 ηε.
538 1158 615 1219 Est.
647 1147 829 1236 ’Ῥπερφυεῐ
846 1178 908 1218 τινι
928 1159 992 1233 ἀρα
1012 1154 1056 1228 ὡς
1075 1156 1197 1237 μεγάλη
1218 1155 1321 1237 βλάβη

307 1253 359 1318 καὶ
390 1257 479 1338 κακῷ
507 1254 684 1338 θαυμασίῳ.
706 1252 953 1332 ὑπερβάλλουσα
980 1245 1078 1315 τάλλα
1097 1252 1120 1335 ἡ
1139 1261 1196 1334 της
1216 1262 1322 1335 ψυχῆς

256 1357 285 1422 Ε
308 1352 448 1434 πονηρία
463 1350 625 1432 αἴσχιστόν
641 1348 705 1413 ἐστι
725 1351 867 1425 πάντων,
889 1347 997 1430 ἐπειδὴ
1018 1350 1078 1413 οὑκ
1099 1349 1252 1432 ἀλγηδόνι
1274 1372 1319 1431 γε,

309 1450 384 1524 otro
401 1451 457 1522 σὸς
471 1449 575 1529 λόγος.
618 1450 725 1510 Har.
752 1450 912 1510 Φαίνεται.
955 1449 1029 1509 Est.
1047 1440 1148 1510 Ἀλλὰ
1168 1449 1236 1531 μήν
1256 1469 1320 1512 πον

306 1548 343 1611 τό
364 1569 400 1629 ηε
419 1547 549 1629 μεγίστη
572 1547 674 1627 βλάβη
695 1545 899 1627 ὑπερβάλλον
919 1541 1068 1626 μέγιστον
1088 1544 1130 1608 ἀν
1150 1547 1254 1609 κακὸν
1274 1546 1320 1627 είη

306 1647 373 1708 τῶν
401 1646 515 1707 όντων.
559 1646 661 1707 llam.
701 1644 777 1705 Ναί.
821 1645 896 1705 Est.
928 1634 974 1704 ‘H
997 1643 1104 1706 ἀδικία
1133 1646 1199 1722 ἀρα
1225 1643 1320 1726 καὶὴ

308 1741 463 1805 ἀκολασία
477 1739 531 1804 καὶ
547 1741 569 1822 ἡ
583 1744 661 1822 ἀλλη
679 1749 783 1822 ψυχῆς
803 1740 942 1822 πονηρία
962 1736 1112 1821 μεήιστον
1130 1744 1197 1804 τῶν
1217 1743 1321 1804 donov

306 1840 409 1903 κακόν
430 1836 512 1914 lore,
534 1841 642 1902 ΠΩΛ.
666 1838 828 1902 Φαίνεται.

372 1937 451 2025 cap.
473 1937 636 2004 XXXIV.
681 1936 758 1997 ΣΩ.
804 1934 860 2008 Τίς
887 1928 949 1997 οὑν
976 1929 1070 2017 τέχνη
1090 1933 1203 2010 πενίας
1222 1935 1318 1999 ἀπαλ-

356 2158 386 2207 Ε.
421 2156 473 2206 καί
493 2153 508 2222 ἡ
526 2153 604 2222 άλλη
622 2161 724 2221 ψυχῆς
743 2153 904 2221 πονηρία]
922 2155 966 2205 Sic
979 2154 1067 2205 Clark.
1083 2155 1235 2208 Vatssoisl.
1253 2157 1317 2207 Van.

308 2223 368 2275 ΞΣ.
396 2223 474 2274 Vind.
498 2223 520 2274 1.
544 2223 568 2276 2.
592 2223 616 2275 6.
639 2221 662 2274 l.
692 2225 752 2273 Par.
774 2223 908 2273 BOFIV.
936 2222 1005 2273 Flor.
1028 2239 1051 2272 a.
1074 2221 1099 2273 b.
1118 2241 1140 2274 c.
1158 2224 1183 2274 d.
1200 2241 1235 2274 m.
1253 2241 1276 2275 ο.
1293 2241 1317 2274 x.

305 2291 379 2342 Bodl.
397 2293 503 2342 Mearm.
521 2292 592 2342 Stob.
621 2290 697 2354 Quod
714 2297 776 2341 vett.
795 2290 865 2340 editt.
884 2291 982 2340 habent
998 2291 1041 2340 καί
1060 2285 1077 2357 ἡ
1093 2287 1157 2357 ἄλλη
1175 2297 1221 2357 τῆς
1239 2298 1317 2357 ψυχῆς

293 2362 426 2426 πονηρία,
444 2359 472 2409 id
484 2353 516 2409 ii's
527 2360 630 2409 videtur
648 2358 743 2422 deberi,
762 2360 806 2422 qui
825 2354 895 2424 ψυχή
912 2364 938 2407 ct
956 2362 1029 2419 σῶμα
1046 2359 1102 2408 sine
1119 2359 1234 2413 articulo
1248 2375 1317 2409 usur·

305 2429 436 2547 parg3non
458 2428 651 2490 meminissent,
680 2426 711 2476 de
734 2442 784 2492 quo
807 2441 858 2476 usu
880 2426 1005 2491 loquendi
1021 2442 1046 2476 v,
1064 2432 1152 2478 annot
1172 2427 1206 2478 ad
1223 2427 1316 2478 Phaed.

305 2697 388 2760 affert,
405 2702 450 2746 aut
466 2702 569 2761 propter
585 2695 714 2758 damnum,
733 2711 783 2759 quo
836 2693 914 2754 ἐστιν,
932 2710 1038 2760 pergere
1049 2694 1175 2746 debebat:
1194 2693 1316 2762 ἢβλαβε-

304 2763 396 2827 afficit,
432 2770 477 2814 aut
509 2768 613 2828 propter
646 2771 784 2827 utrumque
839 2761 954 2826 ρόιατον
977 2759 993 2828 ἢ
1016 2759 1168 2828 άμφόιερα,·
1196 2764 1248 2814 Sed
1273 2780 1316 2829 pro

304 2837 378 2896 turpe
403 2831 521 2882 habetur.
556 2833 674 2880 Pravitas
699 2837 784 2880 autem
836 2827 852 2897 ἢ
876 2828 1077 2895 βλαβερώτατον
1098 2830 1166 2882 dixit
1189 2828 1205 2899 ἢ
1228 2829 1318 2897 βλάβη,
1361 2875 1365 2883 .

303 2900 385 2949 animi
418 2906 445 2948 ct
477 2899 605 2948 iniustitia
639 2904 677 2948 est
707 2899 785 2964 longe
836 2897 1005 2949 ultimahaec
1018 2899 1219 2950 accommodans
1233 2901 1317 2951 verbis

303 2967 461 3031 turpissimo.
484 2967 553 3031 Ergo
565 2972 610 3015 aut
623 2981 683 3016 cum
697 2965 784 3017 dolore
836 2965 1007 3016 intermediis:
1023 2965 1065 3016 καί
1078 2962 1142 3016 ἀνία
1153 2963 1316 3033 ὑπερβάλλον

303 3040 420 3084 autcum
433 3032 527 3083 damno
542 3040 587 3084 aut
601 3049 660 3083 cum
675 3041 784 3098 utroque
836 3035 970 3098 αἴσχιστον
993 3031 1094 3084 τούτων
1116 3017 1186 3094 ἀντί,
1213 3035 1316 3102 perinde

303 3102 381 3152 simul
405 3103 545 3152 coniuncta
562 3103 597 3151 sit
613 3117 720 3152 necesse
738 3108 784 3151 est
836 3116 868 3152 ac
896 3103 918 3151 si
946 3102 1013 3151 nihil
1039 3104 1238 3167 praecessisset,
1268 3104 1318 3152 nisi

303 3169 433 3230 Quocirca
470 3170 636 3220 manifestum
674 3169 785 3220 arbitror
835 3170 900 3220 hoc:
918 3165 1055 3236 οὑκοῦν(ἡ
1074 3175 1117 3235 τῆς
1135 3175 1220 3237 ψυχῆς
1238 3187 1315 3235 ποιη-

302 3237 364 3287 ferri
393 3253 445 3287 non
471 3254 546 3303 posse
575 3237 643 3302 quod
672 3238 785 3288 coniecit
838 3236 892 3300 ριά)
915 3233 932 3303 ἢ
953 3233 1016 3303 ἀνίᾳ
1040 3238 1068 3301 (i.
1089 3254 1112 3288 e.
1135 3235 1214 3304 λόπη)
1238 3235 1315 3302 ὑπερ-

304 3305 496 3371 Stephanus
526 3312 552 3355 et
577 3307 682 3369 plurimi
709 3304 783 3355 codd.
836 3303 934 3369 βάλλον
956 3306 1090 3369 αἴσχιστον
1114 3305 1213 3356 τούτων
1237 3304 1314 3362 ἐστίν,

302 3388 364 3423 mss.
387 3373 552 3437 suppeditant
575 3370 591 3438 ᾖ
612 3369 784 3436 ἀνιαρότατόν
836 3389 903 3436 quae
929 3372 1007 3422 verba
1024 3374 1063 3422 sic
1081 3380 1234 3424 connectas:
1258 3369 1315 3423 οὑκ-

303 3439 386 3497 luter,
409 3437 471 3506 ἀνίᾳ
490 3438 657 3505 ὑπερβάλλον
674 3459 696 3489 κ.
716 3459 734 3489 τ.
753 3441 783 3496 λ..
836 3445 887 3489 οῦν
916 3436 933 3522 ἢ
958 3441 1092 3503 αἴσχιστον
1120 3438 1222 3490 τούτων
1247 3439 1316 3490 ἐστίν

303 3515 467 3572 quatenus
512 3515 561 3558 est
606 3506 784 3559 acerbissi·
836 3503 898 3572 ἀνίᾳ
915 3504 1088 3571 ὑπερβάλλον.
1105 3514 1135 3558 ut
1152 3504 1316 3573 ὑπερβάλλον

301 3591 383 3625 mum
412 3581 460 3626 etc.
504 3577 594 3640 Neque
622 3575 782 3641 probandum
837 3577 1055 3625 accommodatum
1086 3581 1192 3639 putetur
1221 3575 1316 3640 praedi·

302 3643 370 3707 quod
392 3642 464 3692 codd.
489 3642 607 3708 plerique
629 3660 718 3693 omnes
741 3643 784 3692 de·
835 3649 906 3701 cato,
936 3659 1015 3706 quum
1043 3657 1057 3691 e
1086 3643 1190 3708 vulgari
1219 3645 1315 3694 rationo

301 3711 361 3760 inde
379 3709 516 3760 exhibent:
544 3708 662 3776 ἢβλάβῃ
683 3706 782 3776 ἢλὺπη
834 3710 982 3773 requiratur
993 3706 1202 3774 ὑπερβάλλουσα.
1228 3713 1314 3776 Itaque

301 3774 484 3842 ἢάμφότερα.
525 3779 597 3840 Quae
623 3780 700 3828 lectio
727 3779 782 3828 sine
835 3779 964 3827 sententia
981 3778 1046 3827 haec
1064 3783 1114 3827 est:
1133 3794 1243 3829 nonne
1260 3781 1315 3844 igi·

300 3844 380 3895 dubio
407 3851 462 3894 orta
491 3851 530 3894 est
560 3862 591 3895 ex
619 3846 783 3912 glossemate.
835 3854 889 3894 tur
911 3845 1252 3897 autiniucunditatis
1270 3846 1315 3895 ha·

301 3913 374 3962 Nihil
395 3912 504 3978 vulgata
520 3913 632 3964 lectione
649 3915 783 3974 sincerius,
834 3912 889 3961 bet
912 3912 1102 3976 plurimum,
1126 3918 1229 3977 atque
1252 3929 1315 3978 pro-

300 3996 380 4043 quae,
406 3981 528 4045 quoniam
550 3998 602 4031 non
621 3981 781 4031 intellectum
834 3987 961 4045 pterea,
983 3979 1068 4044 quod
1090 3981 1248 4031 molestia
1272 3997 1315 4030 su·

300 4052 352 4108 est,
377 4047 505 4111 quomodo
529 4048 683 4113 explicanda
707 4054 782 4109 esset,
834 4053 942 4111 perat,
975 4048 1063 4097 inter
1088 4047 1170 4098 haec
1196 4049 1314 4113 turpis·

301 4114 334 4163 ab
363 4115 422 4165 aliis
450 4115 526 4166 aliter
551 4121 650 4165 mutata
673 4115 781 4165 videtur.
834 4117 916 4164 sima
949 4121 1011 4175 est,
1049 4120 1106 4165 ant
1140 4116 1314 4180 plurimum

302 4182 424 4232 Continet
435 4189 519 4233 autem
534 4183 581 4235 illa
598 4183 782 4233 anacoluthon.
834 4182 936 4232 affert
950 4181 1158 4244 detrimenti,
1176 4190 1232 4234 aut
1249 4198 1313 4233 curu

302 4249 420 4300 Socrates
443 4253 512 4300 enim
537 4267 615 4315 quum
640 4252 782 4302 orationem
833 4256 973 4313 utroque
991 4249 1199 4301 incommodo
1217 4250 1311 4302 simul

302 4317 448 4368 inchoasset
474 4318 522 4368 sio:
559 4315 659 4368 οὑκοῦν
686 4314 711 4385 (η’
739 4324 782 4401 τηε
834 4323 883 4367 cst
923 4318 1120 4368 coniuncta?
1170 4319 1311 4370 Pronomen

302 4391 385 4448 poppe
411 4387 535 4450 πονηρία)
567 4383 782 4451 ἢάνιαρότατον
835 4383 947 4441 τούτων,
993 4384 1062 4449 quod
1102 4385 1225 4437 codicum
1264 4387 1312 4436 fare
