3242 5259
361 587 421 656 208
772 599 969 660 PLATONIS

359 765 464 836 λινοῖς.
505 761 685 824 κινδυνεύω
714 754 775 825 οὖν
803 760 1004 826 πεπονθέναι
1031 770 1094 824 νῦν
1123 756 1203 841 ὅπερ
1224 762 1244 826 ὁ
1267 767 1372 846 Ζῆθος

360 854 443 939 πρὸς
477 853 537 922 τὸν
569 855 728 940 Ἀμφίονοι
764 859 1011 941 ὁ’··Ειῖ·οιιιίδον,
1053 849 1154 939 οὗπερ
1201 858 1373 944 ἐμνήσθην.

360 955 413 1020 καὶ
446 956 509 1037 γὰρ
546 953 615 1038 ἐμοὶ
649 950 768 1020 τοιαῦτ’
795 961 875 1021 dcta
903 956 1064 1044 ἐπέρχεται
1090 950 1173 1038 πρὸς
1203 960 1240 1039 οὲ
1266 958 1374 1042 λέγειν,

361 1048 473 1135 οἷοίπερ
512 1052 632 1129 ἐκεῖνος
666 1051 749 1136 πρὸς
783 1053 843 1118 ιὸν
879 1055 1038 1137 ἀδελφόν.
1081 1051 1131 1119 ὅτι
1165 1056 1311 1138 ἀμελεῖς.
1352 1051 1374 1122 ὦ

359 1151 538 1233 Σώκρατες,
561 1139 608 1216 ὧν
628 1153 731 1216 δεῖσε
751 1150 984 1234 ἐπιμελεῖσθαι,
1013 1154 1068 1217 καὶ
1088 1155 1221 1235 φύσιν
1242 1165 1374 1240 ψυχῆς

361 1239 440 1314 ὧδε
478 1250 687 1330 γενναίαν
721 1253 997 1332 μειρακιώδει
1031 1251 1094 1315 τινῖ
1128 1251 1373 1334 διαπρέπεις

274 1350 336 1414 486
358 1349 623 1431 μορφώματι,
653 1346 707 1410 καὶ
728 1343 805 1411 οὔτ’
829 1347 1021 1431 dedicas
1042 1351 1244 1430 βουλαῖσι
1263 1371 1372 1431 προς·

357 1440 435 1508 θεῖ’
465 1443 514 1508 ἂν
542 1444 676 1527 ὀρθῶς
701 1439 958 1527 λόγον.“οὔι’
989 1444 1107 1522 εἰκὸς
1136 1447 1179 1510 ἂν
1207 1449 1261 1512 καὶ
1282 1457 1371 1513 πιθα-

356 1537 419 1606 νὸν
446 1543 610 1624 λάβοις,
640 1543 727 1606 οὔθ’
755 1543 862 1626 ὑπὲρ
889 1541 1258 1617 ἄλλουνεανικόν
1286 1549 1370 1627 βού-

410 1790 558 1859 ποοςθεῗ
583 1791 623 1842 ἂν
647 1790 773 1861 ὀρθῶς]
810 1773 933 1859 oporte?
957 1791 992 1844 ἂν
1014 1794 1102 1848 Herm.
1125 1811 1159 1845 ex
1183 1796 1276 1851 Clark.
1295 1797 1368 1851 Coisl.

358 1863 418 1980 ἐμὲ.
436 1861 610 1984 nlollilllw'
628 1869 655 1912 et
671 1878 708 1927 pr.
726 1863 756 1916 E.
768 1862 854 1929 Vulgo
872 1858 1038 1927 noctiai'civ,
1057 1863 1126 1928 quod
1143 1880 1189 1929 per
1207 1881 1236 1916 se
1254 1881 1370 1932 spernen-

407 2067 436 2118 P.
455 2064 513 2119 486.
533 2061 597 2114 οὔτ’
618 2061 713 2118 εἰκὸς
731 2062 770 2114 ἂν
788 2065 843 2114 καὶ
863 2063 898 2131 ιι]
926 2061 961 2114 ἂν
983 2071 1041 2130 post
1063 2062 1136 2119 εἰκὸς
1165 2066 1267 2117 addunt
1288 2068 1368 2121 Clark.

357 2134 415 2187 Vat.
440 2134 518 2186 Goisl.
542 2134 608 2186 Ven.
632 2133 690 2183 ΞΣ.
715 2132 761 2183 alii
783 2133 866 2185 multi.
910 2134 1018 2183 Plurimi
1041 2139 1128 2184 tamen
1152 2137 1275 2186 voculam
1297 2139 1367 2186 etiam

356 2208 415 2268 post
432 2198 549 2251 πιθανὸν
566 2201 677 2265 addunt,
695 2200 741 2251 ubi
759 2201 838 2267 vulgo
856 2200 997 2268 legebatur.
1032 2202 1162 2253 Omittunt
1184 2219 1244 2254 eam
1262 2205 1368 2256 secundo

357 2437 448 2488 δέποιε
471 2438 641 2489 Heusdius
664 2438 747 2504 μηδὲν
770 2439 839 2489 exci-
893 2442 1034 2505 ναικομίμῳ
1044 2436 1197 2503 διαπρέπεις
1211 2438 1368 2505 μορφώματι.

356 2506 424 2557 disse
442 2507 630 2572 suspicabatur.
657 2507 692 2557 At
709 2523 769 2556 vere
786 2523 839 2557 mo·
889 2507 974 2557 Aliter
1005 2507 1152 2557 Pierson.
1189 2509 1305 2560 Praeiat
1339 2507 1367 2558 ad
1415 2510 1417 2517 ⁴

357 2575 415 2625 nuit
442 2575 628 2625 Boeclrhiue
656 2577 684 2626 in
712 2576 777 2625 Min.
813 2580 839 2624 et
888 2576 970 2625 Moer.
990 2591 1019 2639 p.
1040 2570 1123 2624 XLII.
1158 2575 1297 2628 Sententia
1318 2592 1367 2627 ver·

356 2643 393 2692 Le
412 2659 436 2723 g.
461 2659 486 2708 p.
503 2641 560 2693 112.
584 2644 687 2707 saepius
711 2645 748 2693 ita
766 2643 788 2691 tl
812 2648 839 2692 et
889 2641 982 2693 borum
994 2643 1124 2693 haecest:
1145 2643 1293 2695 indolem
1309 2645 1367 2695 ani·

265 2769 267 2774 ,
356 2659 439 2774 polea
456 2711 546 2760 omitti.
572 2711 652 2776 Legg.
674 2728 698 2776 p.
723 2710 781 2762 642.
800 2710 837 2760 A:
889 2711 931 2759 mi
955 2716 1018 2760 tam
1040 2712 1222 2776 ingenuam
1244 2711 1367 2778 puerili

356 2773 371 2842 ἡ
396 2773 458 2827 κατὰ
483 2774 565 2840 φύσιν
589 2777 670 2827 αὐτοῦ
693 2776 838 2843 διόρθωσις
889 2778 1029 2842 quodam
1048 2795 1166 2830 ornare
1190 2781 1366 2832 studesde

356 2839 405 2893 οὐκ
426 2841 464 2893 ἂν
491 2842 596 2896 δύναιτο
622 2842 684 2895 ἄιεν
712 2851 838 2912 μουσικῆς
889 2862 971 2897 core.
1022 2848 1073 2896 Pro
1100 2844 1268 2911 διαπρέπεις,
1303 2847 1364 2913 quod

350 2908 502 2981 ἵὀρθότητός
522 2929 583 2962 ποτε
603 2913 687 2976 σαφὲς
705 2910 761 2963 odd’
781 2914 836 2964 [κα-
889 2915 1006 2979 agnoscit
1028 2916 1107 2964 etiam
1131 2915 1297 2966 Philostr.
1318 2916 1365 2965 vit

359 2976 407 3027 νὸν
431 2977 461 3028 ἐν
485 2986 539 3031 τοῖς
568 2978 654 3046 λόγοις
682 2977 837 3046 ἀπολαβεῖν.
889 2982 974 3047 Apoll.
993 2983 1038 3046 IV,
1048 2981 1090 3033 21.
1108 2998 1132 3047 p.
1143 2981 1202 3034 160.
1219 2990 1247 3041 et
1264 2983 1364 3034 Thon.

259 3042 266 3056 ‘
356 3047 428 3096 Infra
451 3045 551 3113 p.493.
571 3049 606 3099 0:
632 3046 676 3098 ἅτε
699 3045 731 3099 οὐ
755 3049 836 3099 dova—
888 3052 968 3116 Mag.
986 3067 1006 3101 s.
1023 3066 1047 3100 v.
1065 3047 1211 3114 διαπρέπον,
1231 3052 1364 3103 Grotius

356 3111 438 3178 μένην
468 3113 580 3182 στέγειν,
608 3133 643 3166 sc.
667 3112 754 3167 οὐδέν.
796 3119 837 3166 De
887 3119 1010 3199 Excerpt.
1027 3120 1130 3184 e'I'rag.
1147 3119 1262 3170 etGom.
1278 3116 1364 3185 peta.

355 3183 418 3247 ch.
436 3183 457 3233 Ι.
474 3199 499 3248 p.
515 3181 573 3238 337.
592 3186 622 3235 Ε.
637 3185 668 3234 V.
685 3200 710 3249 p.
727 3183 785 3238 464.
802 3187 836 3235 D.
888 3183 1049 3250 deotpertus,
1077 3186 1263 3237 Piereonue
1284 3194 1365 3237 autem

354 3251 463 3301 Phaedr.
495 3267 519 3316 p.
548 3251 606 3304 241.
636 3253 666 3302 E.
695 3255 777 3319 Legg.
804 3254 836 3303 V.
887 3253 904 3303 l.
930 3268 952 3304 c.
977 3254 1100 3318 φθείρεις
1128 3254 1172 3304 vel
1201 3255 1365 3319 διαφθείρεις

354 3315 744 3383 p.736.1>.‚ubi-0cesvre0te
763 3322 836 3371 omit
886 3322 1000 3387 corrigit.
1045 3322 1136 3385 Neque
1166 3322 1365 3373 Heindorlio

354 3392 412 3436 tunt
449 3387 521 3438 codd.
557 3405 618 3440 mss.
654 3388 772 3454 Sympos.
810 3405 834 3454 p.

355 3452 411 3506 183.
429 3456 462 3505 D.

886 3389 995 3440 verbum
1016 3390 1080 3440 vitio
1103 3404 1192 3440 carere
1209 3390 1298 3441 visum
1322 3395 1366 3451 eet,

886 3457 931 3522 qui
953 3457 1021 3508 illud
1043 3472 1154 3522 usquam
1177 3458 1266 3509 activo
1290 3473 1365 3510 sensu

388 3522 450 3588 Cap.
474 3523 543 3573 XLI.
560 3525 591 3573 E.
615 3521 690 3583 ἐμοὶ
715 3520 833 3573 τοιαῦτ’

354 3586 430 3640 ἅττα
459 3589 650 3657 ἐπέρχεται]
672 3593 720 3645 in
754 3607 835 3641 men-

353 3663 414 3708 tem
432 3659 533 3708 venit.
551 3658 669 3723 Sympos.
686 3676 711 3725 p.
731 3657 787 3710 197.
799 3659 833 3709 0:

353 3723 486 3790 ἐπέρχεται
503 3724 533 3776 δέ
549 3731 597 3786 μοί
612 3744 632 3775 ιι
649 3727 691 3776 καὶ
708 3728 835 3790 ἔμμετρον

353 3791 447 3843 εἰπεῖν.
481 3794 555 3843 Fecit
576 3799 654 3860 poeta
676 3796 704 3844 in
721 3796 834 3860 Antiope

353 3860 443 3911 fabula
459 3862 550 3912 fratres
567 3864 634 3911 inter
646 3879 673 3912 se
691 3862 723 3912 de
737 3863 834 3914 studio·

352 3946 410 3979 rum
427 3930 527 3980 ratione
544 3931 707 3982 altercantes.
736 3931 834 3981 Zethus

353 3999 430 4060 enim,
447 3998 485 4048 rei
502 3999 639 4063 pecuariae
656 3998 766 4060 deditus,
783 4000 834 4049 ira-

352 4067 385 4114 tri
398 4066 513 4116 musicae
527 4083 641 4117 amorem
652 4065 833 4132 exprobrabat.

352 4134 450 4185 Versus
479 4135 611 4201 Euripidis
636 4136 832 4187 Valckenar.

352 4201 463 4259 Diatrib.
481 4218 506 4267 p.
525 4202 565 4254 75.
582 4204 630 4254 hoe
652 4220 685 4253 ex
708 4204 832 4255 hocloco

353 4270 431 4318 emit:
444 4267 575 4332 Ἄμφιον,
601 4269 702 4331 ἀμελεῖς
715 4263 759 4321 ’ὥν
777 4270 831 4321 ἐπι-

352 4339 489 4395 μελεῖσθαί
511 4353 539 4388 σε
563 4339 629 4404 δεῑΙ
656 4339 778 4403 Αἰσχοιῡς
797 4358 831 4397 τε,

353 4410 435 4469 ψυχῆς
452 4398 505 4454 ὦδε
521 4410 631 4472 γενναία
653 4407 740 4470 φύσις,
757 4411 761 4473 Ι
778 4409 831 4457 Γο-

886 3526 1007 3591 nsarpari
1037 3525 1150 3590 negavit.
1193 3526 1226 3576 In
1251 3541 1303 3590 qno
1324 3541 1365 3590 po·

886 3598 980 3644 stremo
1008 3609 1072 3644 sane
1106 3608 1197 3643 rerum
1229 3594 1363 3659 perspexit

885 3661 940 3712 Nec
973 3667 1061 3712 tamen
1099 3660 1160 3710 inde
1200 3663 1364 3726 consequitur

885 3728 954 3793 qnod
979 3728 1077 3790 voluit,
1105 3744 1187 3793 quum
1215 3728 1364 3794 διαπρέπεις

884 3813 918 3846 ne
936 3797 977 3847 hic
1003 3796 1107 3861 quidem
1128 3797 1222 3856 active¹
1238 3799 1364 3864 aecipien-

884 3864 946 3914 dum
975 3865 1017 3915 eit.
1062 3865 1111 3915 Est
1137 3865 1208 3914 enim
1225 3866 1363 3916 sententia

884 3932 961 3996 haec:
987 3933 1027 3982 Et
1044 3932 1082 3982 ad
1099 3932 1247 4006 indolem
1264 3933 1360 3985 animi

884 4000 966 4050 adeo
1005 4014 1201 4066 generosam
1240 4000 1363 4067 puerili

884 4069 1086 4133 conspicuus
1109 4084 1143 4119 es
1169 4067 1301 4120 decore.
1334 4069 1362 4118 In

883 4152 935 4200 quo
952 4136 1020 4200 quod
1036 4136 1131 4186 dicitur
1142 4133 1305 4202 διαπρέπεις,
1322 4137 1361 4186 in·

883 4204 995 4270 signis
1018 4220 1068 4266 es,
1095 4204 1237 4268 emines,
1262 4205 1291 4255 id
1312 4220 1359 4254 non

882 4273 910 4322 in
938 4275 1034 4323 bonam
1064 4277 1163 4336 partem
1187 4272 1303 4340 intelligi
1331 4288 1360 4322 ex

882 4339 969 4390 addito
987 4335 1152 4404 μειρακιώδει
1173 4339 1254 4391 lacile
1269 4340 1360 4390 intelli·

881 4410 958 4475 gitur.
998 4409 1089 4472 Itaque
1111 4407 1180 4458 nihil
1204 4409 1359 4460 mutandum
