3242 5259
397 586 455 644 170
806 587 1002 647 PLATONIS

392 757 505 826 τοῦτο,
538 739 696 823 ὧΠῶλες
724 751 834 829 γελᾷςς
861 752 939 812 ἄλλο
968 743 1009 812 αὖ
1036 755 1135 814 τοῦτο
1164 744 1251 824 εἶδος
1281 749 1409 834 ἐλέγχου

395 843 497 919 ἐστίν,
520 842 647 909 ἐπειδάν
667 845 713 920 τίς
733 867 763 908 τι
784 845 874 928 ε’ίπη,
903 832 1097 928 καταγελᾶν,
1128 845 1267 931 ἐλέγχειν
1298 849 1332 914 δέ
1353 852 1410 932 μής

397 945 503 1005 mm.
526 935 595 1006 Οὐκ
622 943 682 1005 οἴει
709 941 946 1024 ἐξεληλέγχθαι,
974 936 999 1006 ὦ
1022 945 1209 1027 Σώκρατες,
1242 947 1324 1011 ὅταν
1350 970 1409 1012 τοι-

394 1050 475 1104 αῦτα
495 1037 604 1122 λε’γης,
625 1043 645 1102 δ
667 1039 773 1115 ου’δεὶς
794 1040 836 1102 διν
856 1042 987 1122 φήσειεν
1008 1043 1210 1122 ἀνθρώπους
1244 1043 1314 1108 ἐπεὶ
1335 1043 1408 1125 ἐροῦ

393 1159 464 1201 τινα
483 1139 629 1202 τουτωνί.
672 1141 745 1202 ΣΩ.
761 1127 808 1201 Ὦ
831 1141 945 1213 Πώλε,
975 1133 1036 1203 οὐκ
1058 1139 1120 1220 είμὶ
1141 1144 1207 1204 τῶν
1227 1147 1409 1217 πολιτικῶν,

393 1235 446 1300 καὶ
465 1233 579 1318 πέρυσι
599 1237 767 1316 βουλεύειν
786 1238 908 1318 λαχών,
930 1234 1037 1319 ἐπειδὴ
1057 1237 1080 1319 ἡ
1100 1239 1188 1321 φυλὴ
1208 1235 1408 1321 ἐπρυτάνευε

309 1335 372 1398 474
393 1333 445 1397 καὶ
460 1330 522 1397 ἔδει
535 1355 573 1413 με
585 1333 796 1414 ἐπιψηφίζειν,
819 1332 940 1416 γέλωτα
955 1339 1108 1415 παρεῖχον
1130 1338 1185 1399 καὶ
1202 1332 1266 1401 οὐκ
1281 1337 1408 1420 ἠπιστά-

392 1453 458 1514 μην
478 1429 689 1512 ἐπιψηφίζειν.
710 1430 753 1512 μὴ
775 1425 836 1497 οὖν
850 1429 928 1514 μηδὲ
944 1442 1007 1495 νῦν
1023 1454 1061 1513 με
1077 1429 1185 1498 κέλευε
1203 1431 1405 1518 ἐπιψηφίζειν

394 1528 469 1602 τοὺς
489 1529 668 1609 παρόντας,
690 1523 755 1591 ἀλλ’
776 1530 803 1591 εί
824 1528 867 1611 μη
888 1527 966 1611 ἐχεις
987 1531 1112 1592 τούτων
1133 1532 1246 1608 βελτίω
1268 1528 1405 1649 ἔλεγχον,

395 1625 472 1706 ὅπερ
492 1635 554 1688 νῦν
574 1625 647 1706 δη
636 1625 698 1707 εγὼ
719 1624 873 1706 ἐ’λεγον,’
861 1627 930 1706 εμοὶ
952 1624 987 1689 ἐν
1008 1635 1052 1707 τῷ
1072 1625 1159 1710 μέρει
1177 1630 1336 1749 παράδος,
1356 1630 1407 1692 καὶ

394 1723 541 1806 πείρασαι
569 1734 627 1787 τοῦ
666 1723 795 1842 ἐλέγχου
823 1717 895 1787 οιον
925 1721 986 1804 ἐγὼ
1015 1718 1105 1806 οἶμαι
1131 1720 1259 1788 δεῖν
1228 1747 1321 1790 ειναι.
1350 1724 1408 1809 ἐγὼ

395 1821 457 1902 γὰρ
479 1809 525 1883 ὧν
546 1820 587 1883 διν
609 1819 730 1901 λέγω’
711 1845 768 1885 ενα
796 1842 856 1902 μεν
876 1818 1098 1903 παρασχέσθαι
1118 1825 1267 1903 μάρτυρα
1288 1821 1408 1887 ἐπίστα-

395 1943 461 2000 μαι
485 1913 585 1981 αὐτὸν
605 1919 685 1997 πρὸς
706 1921 786 1982 δυ’
764 1941 806 1980 αν
827 1941 883 1999 μοι
903 1918 921 1981 ὁ
942 1915 1094 2000 λόγοςῇ
1116 1920 1193 1994 τοὺς
1212 1919 1247 1984 δέ
1268 1915 1407 1998 πολλοὺς

396 2015 437 2080 ἐῶ
456 2017 585 2099 χαίρειν,
606 2015 660 2079 οιαὶ
682 2013 738 2078 ἕνα
760 2013 963 2096 ἐπιψηφίζειν
984 2015 1171 2099 ἐπίσταμαι,
1193 2024 1262 2094 τοῖς
1282 2020 1317 2084 δέ
1337 2023 1407 2084 πολ-

444 2227 474 2277 Ρ
500 2223 557 2277 474.
585 2222 645 2275 οὐκ
667 2222 858 2292 ἠπιστάμην
882 2224 1116 2294 ἐπιψηφίζειν]
1138 2227 1348 2294 AthenaeueV,
1368 2228 1406 2282 58,

394 2293 460 2376 legit
475 2292 555 2360 ἐπιψη
552 2295 642 2378 φιυαι,

444 2353 636 2425 ὅραοδν-
655 2359 786 2411 eleuet
794 2357 895 2428 poeto]
919 2362 951 2411 V
976 2359 1122 2428 ἐθελήσαις
1155 2363 1297 2429 Reoeptam
1320 2364 1405 2417 leotio-

394 2445 453 2479 nem
470 2428 593 2480 debemus
612 2428 699 2479 Clark.
711 2430 770 2479 Vat.
788 2380 869 2479 Coisl.
881 2429 945 2479 Ven.
964 2428 1025 2480 ΞΣ.
1040 2381 1122 2480 Vind.
1139 2427 1163 2480 2,
1181 2429 1206 2482 6.
1223 2433 1283 2482 Por.
1301 2432 1408 2483 BOIV.

394 2498 463 2547 Flor.
481 2514 504 2548 a.
522 2497 547 2547 b.
566 2513 586 2546 ο,
605 2496 629 2546 d.
647 2513 680 2546 m
699 2513 720 2546 o.
740 2514 766 2547 x.
783 2496 856 2548 Bodl.
875 2496 943 2562 Aug.
960 2498 1065 2549 Meerm.
1083 2503 1109 2548 et
1126 2497 1165 2547 ed
1183 2499 1242 2549 Bas
1261 2497 1286 2550 2

366 2601 369 2605 «
445 2567 474 2614 Β,
501 2565 624 2614 Πολλοῦ
648 2581 683 2630 γε
708 2564 721 2613 δ
730 2581 758 2613 ε
793 2566 900 2614 Meerm.
922 2565 997 2617 Bodl.
1015 2565 1083 2631 Aug.
1106 2571 1165 2630 post
1186 2583 1216 2631 γε
1240 2567 1406 2632 interponunt

396 2635 445 2683 καί,
470 2634 504 2683 Et
521 2633 558 2682 eie
574 2632 712 2682 formulam
730 2563 842 2682 abierunt
859 2632 912 2681 fere
927 2633 1115 2698 lexicographi,
1133 2649 1243 2697 quorum
1260 2637 1352 2700 copiae
1368 2652 1407 2686 ex·

395 2841 488 2886 μονοε,·
515 2825 635 2875 Ceterum
655 2825 765 2889 σμικρόν
782 2825 810 2874 in
827 2826 876 2875 hae
927 2842 961 2886 μα
992 2826 1124 2910 Γοργίου,
1157 2823 1185 2875 τδ
1216 2823 1261 2880 τὰς
1292 2824 1406 2881 σπουδὰν

394 2892 506 2943 formula
527 2909 573 2958 pro
593 2890 703 2957 σμικρόν
721 2911 742 2942 τι
763 2893 876 2958 positum
929 2898 980 2943 τῶν
994 2889 1137 2944 ἀντιδίκοιν
1149 2892 1238 2960 γέλωτι
1250 2893 1362 2955 ἐκλύειν,
1379 2892 1406 2946 τὰ

395 2961 521 3025 exemplis
544 2960 685 3011 illustravit
701 2960 875 3011 Heindorf
928 2933 1407 3026 δὲγελοιαταιοοπουδοῖοέκκροιίειν.

395 3028 428 3080 ad
450 3028 652 3109 Euthydem3p
677 3026 735 3079 298
758 3030 802 3091 E„
831 3029 876 3080 ubi
927 3028 1099 3080 Aristotel.
1121 3029 1195 3080 Rhet.
1218 3029 1407 3096 111,18,7.p.

395 3105 449 3147 est:
468 3096 510 3146 καὶ
529 3099 564 3146 ἔτι
581 3113 611 3161 γε
623 3112 666 3156 μοι
679 3112 795 3160 ομικρον
815 3096 875 3162 ἐφη,
926 3095 984 3147 398.
1003 3096 1042 3147 ed
1061 3098 1131 3162 Bip.:
1157 3097 1218 3161 περὶ
1242 3097 1273 3149 δὲ
1289 3048 1405 3165 γελοίων,

395 3159 541 3247 α’πόκρινηι.
559 3191 592 3201 -
608 3160 623 3212 δ
642 3164 875 3230 κατειργασμέ·
928 3161 1048 3250 ἐπειδη
1033 3182 1088 3214 τινα
1107 3163 1182 3216 δοκεῖ
1189 3171 1284 3233 χρῆσιν
1295 3166 1391 3231 ἔχειν’
1379 3185 1407 3216 εν

398 3248 452 3285 νου
490 3229 547 3298 τὴν
580 3236 726 3296 τυραννί
715 3233 779 3291 ί,δα
820 3233 876 3297 qui
927 3237 1082 3316 τοῐοογφσι,
1099 3231 1406 3301 καὶδεῖνέφηΓοργίαι

395 3316 495 3386 regno
512 3301 641 3365 pot1tus
659 3307 761 3350 est
780 3298 876 3350 δυοῖν
928 3319 975 3384 την
1002 3300 1052 3360 μὲν
1085 3298 1203 3366 σπουδὴν
1236 3301 1406 3385 διαφθείρειν

395 3363 454 3436 γὰρ
479 3364 549 3419 dot.
572 3387 594 3419 κ.
613 3387 632 3418 τ.
651 3371 684 3428 λ.,
708 3384 780 3418 num
802 3367 876 3418 duo·
927 3386 979 3419 των
996 3366 1123 3418 ἐναντίων
1139 3367 1236 3435 γελωτι
1255 3365 1303 3420 τὸν
1320 3369 1395 3422 δε
1367 3388 1405 3437 γε

395 3453 460 3487 rum
508 3438 698 3487 miserorum
744 3432 877 3486 beatior
927 3435 1122 3502 λυτασπονδῇ.

394 3509 472 3555 neu
461 3505 629 3556 erfuer1t
631 3519 876 3568 quonremmrserrs
961 3457 1149 3562 tommano,
1174 3499 1330 3558 ἃοάδείο
1358 3503 1404 3573 ἂν]

394 3572 707 3624 felicitostribuiomnino
720 3576 875 3636 nonpotest.
928 3569 1010 3622 Sio“
996 3588 1024 3623 os
1050 3577 1109 3636 port
1133 3575 1249 3624 τοιοῦτον
1273 3589 1328 3625 non
1349 3590 1405 3625 roro

311 3672 313 3676 -
427 3643 457 3690 E.
478 3641 518 3691 Τι
533 3645 643 3697 τουτο
662 3631 684 3689 ά
704 3638 809 3700 11th
828 3656 875 3706 γε·
926 3645 1071 3704 usurpatur.
1087 3655 1112 3689 v.
1131 3639 1251 3704 Ιιγειοε
1270 3641 1404 3692 OrutVII

395 3706 473 3775 λᾷοῑ]
496 3709 572 3758 Licet
592 3714 662 3758 reete
684 3706 784 3757 dicutur
801 3712 876 3758 τοῦτο
928 3706 1001 3769 540.
1011 3707 1070 3758 XII.
1084 3704 1158 3769 §..37
1176 3707 1318 3759 Isocrat.
1336 3710 1405 3761 Oret.

393 3779 484 3842 γελᾶν
513 3781 543 3825 ut
566 3775 632 3826 bene
655 3776 755 3824 monuit
778 3776 876 3825 Hein·
927 3775 1000 3825 VIII.
1018 3776 1042 3836 ἓ.
1060 3773 1100 3826 λλ.
1118 3775 1188 3824 XVI.
1206 3776 1230 3836 6.
1247 3774 1290 3828 22.
1308 3776 1342 3828 el.

393 3794 667 3904 borfiusadhwl
689 3845 876 3893 tomenoratio
961 3840 1334 3908 πέρυσιβουλιάεινλα
1339 3842 1405 3910 zoin]

393 3911 454 3993 plus
471 3913 569 3977 vigoris
587 3917 613 3962 et
629 3880 771 3961 alioritotis
788 3911 876 3960 nanci—
927 3911 959 3961 V.
977 3911 1010 3960 ad
1026 3911 1138 3976 Apolog.
1156 3909 1295 3977 Secretp
1297 3863 1363 3965 ,82.
1379 3913 1406 3963 Β.

394 3981 475 4031 scitur
496 3977 673 4059 intorrogpndi
695 3983 757 4028 nota
779 3985 838 4043 post
854 3971 876 4028 τί
927 3979 1044 4029 Lunae.
1071 3978 1103 4028 de
1124 3978 1146 4027 E
1165 3979 1233 4028 istut.
1255 3986 1282 4030 et
1303 3979 1404 4031 Proedr.

396 4048 472 4098 Hoiie
497 4047 663 4112 interposita,
695 4062 771 4111 quam
800 4047 876 4096 ratio·
927 4047 1022 4097 Athen.
1053 4061 1077 4110 p.
1109 3994 1166 4096 123
1202 4046 1264 4096 eoll
1293 4047 1405 4099 Sohoo

393 4133 453 4166 nem
469 4115 733 4168 etintekkerus
749 4114 876 4179 probavit.
927 4131 1029 4164 mann.
1058 4112 1091 4162 de
1113 4112 1235 4164 Comitiie
1255 4115 1405 4167 Athenione.

394 4185 527 4235 Luoiun.
546 4184 647 4234 Timon.
670 4184 693 4244 ἓ.
712 4180 758 4232 19:
777 4201 799 4232 τι
818 4187 876 4231 τοῦ·
927 4178 1211 4246 Ι,......Ιτ7ρ91εοηη
1227 4188 1287 4248 etp
1298 4181 1407 4248 8leeqq.
1434 4206 1437 4213 ·

396 4268 438 4310 το,·
473 4248 644 4315 ὑποσκάζειο;
679 4251 724 4300 Bis
755 4252 876 4301 Accusat.
927 4251 1055 4314 Loquitur
1070 4255 1156 4299 autem
1174 4250 1296 4301 Socrates
1311 4251 1408 4302 urbam

397 4321 420 4379 5.
437 4316 482 4368 24.
502 4323 527 4369 τί
543 4326 631 4379 τουτο,·
649 4314 818 4402 οίπέφευγεν;
836 4320 877 4370 De
928 4335 988 4369 oum
1004 4318 1132 4367 irrisione.
1166 4317 1243 4380 Quod
1265 4319 1336 4369 enim
1357 4320 1405 4384 epi·

396 4401 520 4453 proxume
529 4387 639 4441 Sohol
648 4404 723 4437 τουτο
732 4383 876 4454 παραγγελ
928 4391 1006 4437 states
1033 4386 1119 4437 faetus
1152 4385 1250 4438 tribum
1278 4402 1354 4439 ouum
1382 4388 1408 4436 in
