3242 5259
361 617 421 669 268
769 611 966 671 PLATONIS

361 773 532 855 ἐργάζεται.
562 767 633 837 οἷον
664 774 692 837 ἐί
721 742 831 855 βούλει
861 772 940 836 ίδεῖν
968 773 1045 849 τοὺς
1064 775 1276 856 ζωγράφους,
1303 776 1383 850 τοὺς

361 872 568 953 οἰκοδόμους,
598 871 674 945 τοὺς
702 872 908 953 ναυπηγούς,
938 871 1014 945 τοὺς
1041 875 1160 946 ἄλλους
1181 873 1307 947 πάντας
1325 873 1375 954 δη-

361 970 547 1050 μιουργούς,
569 969 680 1034 ὅντινα
702 969 808 1051 βούλει
833 971 950 1047 αὐτῶν,
973 970 1016 1044 ὡς
1037 971 1081 1045 εἰς
1101 971 1192 1047 τάξιν
1211 970 1287 1034 τινὰ
1307 968 1373 1034 έκα-

361 1083 434 1142 στος
455 1066 590 1132 ἕκαστον
609 1068 739 1148 τίθησιν
760 1064 778 1130 ὃ
800 1066 841 1128 ἂν
861 1072 954 1150 τιθῇ,
982 1066 1036 1131 καὶ
1064 1069 1322 1149 προςαναμκάζει
1341 1071 1374 1132 τὸ
1403 1110 1405 1113 -

277 1172 339 1238 504
360 1165 469 1245 ἕτερον
489 1174 533 1247 τῷ
554 1163 649 1251 ἑτέρῳ
670 1163 847 1247 πρέποντι
869 1159 1026 1229 εἶναικαὶ
1046 1165 1234 1248 ἁρμόττειν,
1257 1164 1317 1242 ἕως
1337 1165 1375 1230 ἂν

347 1265 396 1328 ,τὸ
428 1264 515 1328 ἅπαν
543 1266 737 1346 συστήσηται
764 1262 957 1346 τεταγμένον
990 1285 1023 1328 τε
1051 1263 1106 1327 καὶ
1133 1261 1375 1348 κεκοσμημένον

360 1372 512 1444 πρᾶγμα,
534 1362 587 1426 καὶ
608 1362 643 1426 οί
659 1384 692 1426 τε
713 1358 752 1444 δὴ
774 1364 865 1425 ἄλλοι
886 1361 1076 1444 δημιουργοὶ
1097 1362 1150 1425 καὶ
1172 1356 1233 1437 οὓς
1253 1373 1317 1426 νῦν
1337 1363 1374 1444 δὴ

362 1458 526 1541 ἐλέγομεν,
556 1460 589 1525 οί
607 1459 680 1542 περὶ
708 1459 744 1524 τὸ
774 1464 865 1541 σῶμα
892 1460 1097 1541 παιδοτρίβαι
1124 1482 1157 1524 τε
1186 1458 1242 1524 καὶ
1264 1461 1374 1543 ίατροί,

361 1559 518 1640 κοσμοῢσί
545 1580 610 1621 που
629 1559 666 1621 τὸ
694 1561 784 1640 σῶμα
805 1557 859 1621 καί
879 1559 1120 1622 σοντάττονσιν.
1151 1559 1374 1641 ὁμολογοῦμεν

362 1655 446 1720 οὕτω
466 1660 552 1720 τοῦτ’
573 1653 662 1738 ἔχειν,
680 1655 701 1737 ἢ
722 1660 778 1731 οὕς
808 1658 913 1719 ΚΑΛ.
926 1652 1037 1719 Ἔστω
1058 1663 1155 1721 τοῦτο
1176 1654 1273 1720 οὕτω.
1303 1659 1372 1720 ΣΩ.

368 1755 491 1831 Τάξεως
511 1759 573 1835 ἄρα
595 1755 648 1818 καί
677 1754 802 1835 κόσμον
830 1764 971 1837 τνχοῦσα
1000 1755 1085 1819 οἰκία
1105 1754 1226 1838 χρηστὴ
1257 1753 1299 1818 ἂν
1320 1755 1373 1830 εί,

362 1851 489 1928 άταξίας
516 1852 550 1915 δέ
577 1852 727 1935 μοχθηρά
735 1879 744 1928 ,·
779 1854 883 1914 ΚΑΛ.
916 1853 1013 1934 Φημί.
1056 1855 1130 1916 Est.
1164 1853 1299 1916 Οὐκοῦν
1325 1853 1374 1916 καὶ

299 1949 329 2014 Β
362 1952 478 2013 κίοῖον
505 1949 668 2026 ὠςαύτως;
708 1952 810 2013 ΚΑΛ.
839 1949 918 2014 Ναί.
959 1952 1033 2013 Est.
1065 1948 1132 2013 Καὶ
1160 1951 1228 2034 μην
1256 1950 1311 2014 καὶ
1337 1949 1372 2014 τὰ

362 2048 492 2129 σώματά
513 2070 620 2130 φαμεν
646 2047 685 2112 τὰ
705 2046 858 2131 ἡμέτερος
892 2051 996 2111 ΚΑΛ.
1027 2050 1124 2112 Πάνυ
1144 2070 1190 2131 με.
1235 2050 1314 2115 aa.
1339 2050 1372 2111 Τί

413 2369 442 2418 Ρ.
460 2366 517 2419 504.
535 2368 591 2417 καὶ
611 2382 648 2417 σν
658 2365 866 2434 ντάττσνσιν]
884 2367 916 2416 V.
935 2365 1138 2427 συντάσσονσιν,
1157 2368 1229 2434 quod
1246 2386 1280 2420 ex
1290 2369 1371 2421 Glarlu

363 2436 421 2486 Vat.
439 2437 504 2486 Ven.
524 2435 585 2487 ΞΣ.
603 2435 661 2486 aliis
679 2436 797 2501 plurimis
814 2440 965 2486 correctum.

414 2573 444 2621 B.
463 2570 496 2620 έκ
514 2576 577 2621 τῶν
595 2569 728 2634 πρόσθε
739 2570 766 2638 ν]
792 2570 824 2619 V.
841 2571 996 2635 έμιιροσθεν
1013 2574 1104 2621 contra
1124 2571 1298 2636 plurimorum
1315 2573 1372 2638 opti-

363 2656 514 2703 morumque
534 2640 660 2690 librorum
683 2640 869 2692 auctoritatem.
893 2639 982 2689 Clark.
1004 2645 1030 2688 et
1045 2639 1105 2688 vat.
1129 2636 1251 2704 πρόσθε,
1274 2641 1306 2690 ds
1327 2657 1372 2706 qus

364 2709 446 2757 forma
464 2708 561 2756 multus
578 2714 618 2757 est
635 2708 784 2757 Schneider.
803 2707 836 2757 ad
846 2709 936 2772 Remp.
953 2707 974 2756 1.
990 2723 1016 2772 p.
1028 2704 1077 2758 124
1089 2722 1143 2772 seq.
1160 2708 1219 2758 libr.
1234 2709 1268 2758 Il.
1285 2725 1311 2774 p.
1321 2705 1372 2759 363»

366 2777 399 2823 D.
433 2775 495 2836 Nos,
513 2790 592 2838 quum
609 2791 669 2824 rara
691 2777 744 2825 sint
760 2775 829 2840 apud
847 2775 981 2825 Platonem
1004 2781 1076 2825 certa
1092 2775 1171 2826 huius
1189 2777 1372 2826 terminationis

366 2842 526 2903 testimonia,
551 2857 607 2890 oum
624 2841 758 2893 Lobeckio
776 2844 886 2892 facimus
910 2842 942 2892 ad
959 2843 1100 2907 Phrynich.
1118 2860 1143 2909 p.
1162 2841 1237 2907 284„
1260 2846 1307 2909 qui
1322 2860 1372 2894 sam

367 2909 435 2974 apud
452 2924 543 2974 prosae
561 2911 685 2959 orationis
703 2913 839 2977 scriptores
857 2911 971 2960 citeriori
988 2912 1124 2977 graecitati
1141 2919 1279 2977 acceptam
1292 2912 1373 2962 referri

366 2977 503 3026 existimat.
537 2974 661 3026 Videmur
684 2979 753 3027 enim
776 2979 935 3029 observasse.
953 2980 1103 3044 posterioris
1126 2980 1220 3030 aetatis
1243 2981 1372 3046 scriptores

366 3043 447 3094 multa
464 3060 497 3094 ex
514 3044 588 3108 epica
605 3045 715 3095 dialecto
733 3046 881 3110 adscivisse,
900 3063 965 3112 quae
983 3049 1138 3112 optimorum
1155 3053 1301 3114 temporum
1322 3049 1373 3098 atti·

367 3114 461 3162 ciamus
477 3113 616 3178 ignoraret.
651 3113 726 3177 Quod
744 3115 824 3180 igitur
846 3116 890 3166 hic
913 3121 958 3166 aut
980 3115 1026 3165 ille
1049 3114 1117 3165 liber
1139 3116 1268 3167 eiusmodi
1284 3117 1373 3168 formas

367 3403 504 3456 inustos
516 3399 575 3454 οάκ
590 3402 663 3468 εἰκῇ
675 3398 846 3468 έκλεγόμε·
898 3399 993 3467 ἑκάστη
1011 3401 1091 3466 ἔργον
1107 3398 1243 3468 ἐργάζεται
1253 3405 1297 3454 καὶ
1311 3401 1374 3468 cipe·

370 3469 847 3538 coraposcipesmuemadmo·
898 3473 939 3521 lsi
958 3488 979 3520 κ.
1004 3488 1023 3518 τ.
1046 3472 1067 3519 i.
1090 3470 1241 3536 Xenoph.
1266 3473 1375 3524 Anabas.

367 3538 437 3588 dum
455 3541 552 3590 etiam
570 3541 677 3589 ceteri
700 3538 846 3602 opifices
898 3539 968 3601 11,1,
981 3537 1027 3588 15:
1045 3529 1304 3598 οὖτοιμὲν-ἅέίοι
1320 3539 1375 3592 ἄλλα

368 3623 483 3669 omnes,
501 3623 592 3657 suum
610 3607 749 3672 quisque
767 3621 847 3670 opus
899 3605 972 3671 λέγει.
990 3605 1056 3655 Ibid.
1067 3606 1088 3666 Ι,
1098 3602 1164 3669 8‚9:
1183 3604 1281 3662 aelatae
1294 3605 1374 3660 ossi-

368 3681 537 3739 spectans‚
560 3691 623 3723 non
648 3680 769 3724 temere
792 3673 847 3723 eli·
899 3692 937 3722 τοι
955 3670 1016 3723 κατὰ
1038 3673 1107 3739 ἔθνη
1131 3672 1162 3724 ἐν
1185 3677 1295 3743 πλαισίῳ
1319 3675 1376 3743 κλή-

367 3752 483 3808 gentes
506 3741 667 3792 adhibent
689 3743 735 3804 id,
764 3742 847 3807 quod
902 3758 940 3804 ρει
968 3737 1127 3803 ἀνθράκων
1156 3741 1269 3794 ἕκαστον
1299 3746 1375 3799 ἔθνος

367 3812 405 3861 ad
424 3827 503 3876 opus
520 3811 666 3875 ipsorum
679 3809 847 3870 adhibent,
899 3805 1048 3872 ἐπορεύετο.
1066 3809 1133 3859 conf.
1150 3811 1266 3862 Mstsh.
1285 3815 1308 3876 §-
1321 3812 1375 3864 ³02.

368 3879 424 3929 sed
457 3895 492 3928 eo
523 3878 683 3939 consilio,
718 3882 753 3926 ut
785 3876 848 3926 for·
899 3885 987 3928 annot.
1005 3877 1376 3942 NequealiterLatini.Css·

367 3964 445 3997 mam
464 3946 611 4010 aliquam
628 3945 848 3994 nanciscatur
899 3961 959 3995 sar.
984 3944 1049 3994 Bell.
1072 3945 1140 3996 Gall.
1158 3947 1184 4008 1,
1208 3945 1255 3998 53:
1291 3949 1376 4000 Duas

368 4015 468 4076 illud,
504 4014 590 4078 quod
624 4012 846 4063 fabricantur.
899 4013 997 4063 filiae
1020 4013 1146 4075 harum,
1169 4013 1376 4068 alteracoci·

367 4083 496 4133 Notabilis
536 4082 671 4132 verborum
713 4079 855 4131 structura.¹
900 4080 1190 4146 sa,alteracapta
1213 4090 1272 4134 est
1296 4086 1377 4137 Dera

367 4152 484 4214 Namque
502 4151 610 4201 verbum
628 4149 773 4213 προσφέρει
787 4164 848 4214 pen·
899 4149 956 4214 ipsa
973 4149 1042 4198 conf.
1059 4149 1168 4199 Phaedr.
1185 4166 1212 4215 p.
1229 4149 1288 4203 264.
1306 4155 1338 4207 D.

368 4218 410 4267 det
434 4235 467 4268 ex
491 4219 609 4274 ἕκαστος,
639 4218 707 4282 quod
733 4218 849 4267 additum

369 4293 408 4334 est
430 4303 475 4350 per
497 4288 692 4352 appositionem.
735 4287 848 4334 DeRe-
934 4278 1011 4332 οἷον
1032 4281 1065 4331 εἰ
1087 4281 1205 4347 βούλει
1228 4284 1376 4353 lists-l

369 4351 477 4417 publl.
495 4371 519 4419 p.
537 4352 653 4406 elan:
674 4356 715 4403 καὶ
735 4353 763 4402 αἱ
778 4350 849 4402 ἄλλοι
900 4352 1009 4401 veluti
1032 4351 1060 4400 si
1088 4351 1137 4401 vis
1164 4354 1377 4406 considerare

371 4425 451 4469 πᾶσαι
480 4421 582 4487 (τέχναι)
615 4419 683 4472 οὕτω
714 4417 740 4470 τὸ
770 4417 848 4486 αὐτῆς
899 4417 1377 4484 pictores,iabrcs‚navinmls·
