3242 5259
392 605 431 662 11
457 574 460 584 ’
746 601 1045 661 ascensorum

391 773 422 831 hi
443 790 558 851 quoque
579 773 670 831 solam
691 775 823 848 spectant
835 773 1023 848 voluptatem,
1044 776 1160 848 propter
1179 791 1261 830 suam
1273 771 1404 848 ipsorum

390 858 548 917 utilitatem
576 859 650 916 bono
679 858 793 934 publico
824 857 898 915 nihil
926 857 1108 916 consulentes
1136 857 1304 935 omniaque,
1322 877 1404 917 vvera

391 942 499 1003 civium
528 943 622 1001 salute
650 944 796 1016 neglecta,
827 943 863 1000 ad
884 942 1095 1001 iucunditatem
1122 940 1156 999 10
1183 943 1405 1003 delectationem

390 1026 565 1107 referentes?
587 1029 619 1085 P.
644 1032 712 1085 502.
735 1028 769 1085 E.
805 1027 917 1103 Nempe
939 1033 984 1085 est
1004 1047 1073 1085 sane
1095 1028 1195 1084 eadem
1217 1028 1303 1103 plane
1324 1028 1404 1086 illius

391 1132 424 1171 10
444 1112 539 1189 poesis
559 1112 663 1170 ratio.v
690 1113 792 1171 Monet
820 1112 868 1169 hic
890 1112 1021 1170 Callicles
1042 1131 1104 1170 esse
1125 1118 1223 1170 tamen
1243 1112 1320 1172 inter
1341 1133 1404 1170 ora-

389 1204 466 1257 tores
488 1197 641 1256 discrimen
662 1198 910 1256 constituendum:
932 1196 1052 1272 reperiri
1073 1197 1150 1254 enim
1170 1197 1332 1256 interillos
1352 1199 1415 1275 qui,

390 1282 498 1342 civium
519 1282 607 1341 saluti
634 1282 819 1357 prospiciant.
862 1280 957 1344 Quam
984 1281 1159 1341 sententiam
1177 1301 1304 1357 ,prorsus
1327 1303 1403 1341 com-

389 1371 492 1444 probat
521 1367 609 1425 etiam
630 1368 769 1426 Socrates.
820 1368 877 1425 Sed
906 1385 1081 1445 quamquam
1109 1367 1219 1442 duplex
1245 1368 1404 1427 rhetorices

389 1472 481 1527 genus
504 1471 556 1527 per
577 1471 607 1510 10
629 1457 790 1527 spectatum
811 1452 935 1510 discerni
956 1460 1033 1510 recte
1047 1471 1131 1528 posse
1144 1452 1282 1526 largitur,
1304 1459 1405 1512 tamen

388 1538 536 1595 neminem
555 1556 684 1614 unquam
706 1537 831 1595 Athenis
853 1537 1000 1596 exstitisse
1014 1542 1156 1598 oratorem
1178 1538 1335 1610 contendit,
1357 1538 1404 1596 cui
1454 1602 1457 1608 ,

389 1622 420 1680 1(1
445 1622 535 1680 fuerit
554 1622 745 1696 propositum,
774 1627 808 1680 ut
835 1622 1030 1680 Athenienses
1060 1622 1233 1680 exsisterent
1260 1624 1402 1682 meliores.

389 1709 421 1766 P.
453 1712 521 1765 503,
543 1710 579 1764 Α.
601 1738 644 1748 --
665 1707 695 1764 G.
748 1707 846 1764 Solere
875 1707 953 1764 enim
979 1710 1121 1777 oratores,
1158 1728 1250 1785 quum
1278 1709 1404 1767 debeant

389 1791 491 1867 optimi
512 1810 614 1850 caussa
634 1791 729 1850 (110111
750 1797 780 1850 01
807 1792 967 1850 orationem
994 1809 1077 1850 suam
1098 1793 1133 1849 ad
1156 1792 1257 1868 optimi
1278 1793 1404 1869 speciem

389 1896 568 1953 comparare,
598 1881 706 1934 temere
735 1878 825 1936 verba
852 1877 990 1952 proiicerc
1019 1897 1073 1935 nec
1100 1883 1230 1953 spectare
1251 1878 1295 1950 id,
1325 1880 1404 1956 quod

389 1961 485 2020 animo
513 1963 628 2019 laudem
657 1962 805 2033 bonitatis,
827 1961 967 2020 conciliet.
1002 1964 1035 2020 P.
1060 1967 1129 2020 503.
1151 1962 1187 2020 D.
1209 1994 1252 2004 -
1274 1969 1343 2021 504.
1366 1966 1402 2021 A.

388 2047 465 2105 Nam
486 2047 727 2124 quemadmodum
741 2047 856 2121 opifices
877 2047 909 2104 in
930 2047 1056 2122 corporis
1077 2066 1146 2105 cura
1160 2054 1319 2118 versantes,
1341 2049 1404 2107 vel-

388 2133 433 2190 uti
460 2131 563 2189 medici
584 2135 615 2190 et
640 2132 771 2190 luctandi
790 2131 937 2205 magistri,
959 2131 989 2189 id
1009 2133 1187 2208 propositum
1208 2133 1347 2204 habeant,
1370 2138 1405 2192 ut

390 2236 492 2292 corpus
514 2216 642 2275 ordinem
664 2218 809 2294 quendam
830 2222 860 2275 et
881 2222 1030 2289 ornatum,
1052 2218 1107 2275 hoc
1128 2223 1174 2276 est
1194 2218 1350 2277 sanitatem
1370 2237 1405 2277 ac

388 2304 484 2374 robur,
506 2302 703 2374 nanciscatur,
725 2302 768 2361 ita
788 2301 833 2373 iis,
855 2302 906 2379 qui
927 2303 1024 2360 stridis
1043 2307 1170 2361 tractent
1184 2304 1220 2362 ad
1242 2303 1404 2361 animorum

389 2388 499 2445 cultum
520 2386 709 2462 pertinentia,
739 2388 795 2444 hoc
814 2386 911 2462 ipsum
931 2387 1111 2464 propositum
1138 2406 1201 2446 esse
1222 2389 1341 2459 debere,
1370 2393 1405 2447 ut

389 2472 492 2530 animis
515 2472 683 2530 concilietur
704 2473 772 2529 ordo
795 2477 825 2530 et
847 2477 965 2531 ornatus
986 2472 1120 2549 quidam,
1149 2472 1200 2550 qui
1228 2472 1259 2528 in
1289 2472 1404 2531 iustitia

389 2576 422 2615 aa
441 2557 634 2632 temperantia
663 2562 805 2616 cernatur.
854 2557 980 2616 Tantum
1009 2561 1106 2615 autem
1133 2558 1247 2628 abesse,
1276 2561 1310 2614 ut
1338 2576 1402 2614 ora-

388 2647 466 2701 tores
488 2642 595 2702 eirium
625 2642 735 2701 animos
765 2643 868 2699 harum
891 2641 1036 2702 virtutum
1065 2655 1160 2700 amore
1180 2641 1327 2711 imbuant,
1357 2640 1403 2697 in-

389 2727 586 2784 continentiae
614 2745 683 2785 vero
712 2732 742 2784 et
769 2726 931 2784 iniustitiae
962 2726 1026 2785 odio
1054 2729 1200 2802 repleant,
1228 2730 1263 2784 ut
1283 2725 1403 2784 mirifice

369 2872 371 2877 ,
388 2811 560 2885 indulgeant
572 2830 672 2869 eorum
686 2811 892 2886 cupiditatibus
905 2816 1088 2888 augeantque
1106 2812 1187 2882 vitia,
1207 2829 1281 2887 quae
1295 2811 1406 2869 fuerint

275 2959 278 2966 ,
351 2962 352 2966 ¹
390 2896 558 2969 castiganda
579 2899 609 2954 01
629 2895 819 2971 reprimenda.
841 2897 874 2953 P.
898 2902 966 2954 504.
988 2897 1025 2952 Α.
1045 2927 1089 2936 -
1111 2901 1180 2953 505.
1202 2896 1235 2952 Β.
1254 2928 1297 2937 -
1318 2896 1405 2954 Hanc

388 2999 458 3041 vero
479 2980 579 3038 iudicii
600 2981 787 3039 acerbitatem
809 2980 976 3054 indignatus
990 2979 1122 3037 Callicles
1143 2999 1174 3038 sc
1195 2980 1318 3054 amplius
1340 3000 1406 3038 cum

389 3065 507 3124 Socrate
528 3065 668 3124 disserere
689 3066 765 3126 velle
786 3070 883 3140 negat.
927 3065 984 3123 Sed
1004 3084 1073 3122 mox
1101 3084 1135 3122 eo
1159 3065 1267 3123 saltem
1292 3085 1404 3141 permo-

388 3157 483 3222 vetur,
504 3153 539 3208 ut
560 3170 590 3209 se
611 3151 655 3208 1111
676 3151 780 3209 saltem
801 3151 1033 3209 auscultammm
1053 3150 1239 3226 polliceatur,
1269 3149 1406 3210 videlicet

388 3256 426 3294 nc
454 3254 547 3294 sermo
576 3236 761 3311 imperfectus
789 3235 980 3313 relinquatur.
1015 3237 1047 3293 P.
1072 3241 1140 3293 505.
1163 3236 1193 3293 0.
1215 3268 1258 3276 —
1281 3240 1349 3292 506.
1373 3237 1403 3294 0.

388 3354 432 3363 -
459 3323 564 3399 Itaque
594 3322 725 3380 Socrates
754 3321 813 3378 iam
841 3320 958 3378 Callicle
986 3323 1105 3395 optante
1123 3321 1213 3378 'solus
1243 3339 1405 3377 sermonem

387 3407 573 3484 persequitur
593 3407 716 3465 ulterius
739 3405 801 3480 ipsc
824 3424 854 3462 se
875 3405 1057 3478 interrogans
1085 3405 1198 3482 sibique
1218 3407 1404 3479 respondens.

388 3494 550 3550 Prudenter
584 3509 654 3550 vero
682 3490 847 3548 summatim
880 3489 938 3546 iam
966 3489 1074 3564 repetit
1108 3510 1182 3567 quae
1218 3495 1304 3547 antea
1339 3509 1406 3548 oum

389 3576 506 3633 Galliolc
528 3576 711 3633 dissenserat.
733 3575 898 3631 Iucundum
919 3580 950 3632 et
962 3575 1070 3632 bonum
1082 3573 1181 3648 igitur,
1202 3573 1306 3651 inquit,
1327 3574 1406 3634 inter

360 3658 365 3670 '
389 3679 419 3717 11
455 3659 580 3719 invicem
610 3659 725 3718 diversa
757 3664 840 3717 sunt:
884 3658 1043 3716 iucundum
1077 3678 1162 3734 porro
1197 3658 1266 3716 boni
1303 3678 1405 3718 caussa

389 3747 434 3803 est
453 3743 631 3802 faciendum:
653 3746 762 3802 boumn
783 3748 880 3802 autem
900 3742 974 3800 illud
995 3748 1054 3814 est,
1083 3763 1141 3822 quo
1162 3749 1314 3819 praesente
1335 3745 1404 3802 boni
1441 3752 1444 3755 ’

389 3828 553 3888 evadimus:
588 3827 657 3887 boni
685 3848 754 3887 vero
782 3844 897 3900 sumus,
935 3830 1050 3905 quando
1078 3829 1173 3889 virtus
1202 3829 1284 3886 nobis
1314 3830 1404 3901 adest,

389 3933 463 3992 quae
491 3913 608 3990 quidem
636 3913 736 3970 ordine
767 3918 797 3970 11
825 3918 928 3970 ornatu
958 3908 1087 3994 (κόσμῳ)
1115 3912 1248 3970 efficitur.
1298 3915 1405 3992 Itaque

389 3999 518 4069 animus,
542 3998 592 4075 qui
613 3997 731 4056 virtutis
752 3997 895 4073 particeps
917 4002 977 4068 est,
1005 3998 1077 4055 item
1097 4003 1142 4056 cst
1162 3999 1236 4055 bene
1255 3999 1405 4058 ordinatus

389 4078 525 4160 (κόσμος)
554 4083 676 4160 ideoque
703 4088 867 4158 temperans
897 4075 1061 4162 (σώφρων).
1105 4083 1279 4157 Temperans
1307 4089 1406 4142 autem

390 4169 505 4226 animus
526 4187 561 4225 ea
580 4167 658 4239 facit,
681 4187 755 4244 quae
777 4172 807 4226 et
820 4186 889 4241 erga
904 4167 971 4224 deos
994 4172 1024 4225 01
1045 4187 1114 4242 erga
1127 4167 1258 4226 homines
1272 4169 1406 4227 facienda

389 4258 466 4324 sunt,
487 4255 542 4310 hoc
564 4258 609 4311 011
629 4258 737 4324 sancta,
760 4251 810 4310 ubi
833 4253 868 4309 de
890 4251 945 4309 diis
966 4252 1074 4326 agitur,
1098 4257 1185 4330 atque
1205 4253 1298 4324 iusta,
1328 4255 1406 4332 quod

391 4338 428 4393 cd
454 4338 585 4396 homines
614 4338 727 4396 attinet.
785 4337 865 4395 Talis
893 4341 991 4394 autem
1019 4337 1144 4396 hominis
1173 4337 1287 4397 animus
1316 4340 1407 4397 etiam

390 4420 474 4481 fortis
496 4423 566 4480 erit:
588 4442 683 4500 neque
705 4422 782 4480 enim
804 4421 861 4482 viri
882 4422 1070 4498 temperantis
1086 4428 1131 4482 est
1151 4424 1252 4482 cedere
1272 4425 1407 4500 volupta-
