3242 5259
542 588 601 646 AB
619 587 806 646 (tom
827 587 1031 646 flamus
1257 592 1295 644 ts

277 758 736 827 tionemhaltondsmosseait‚
766 758 1297 834 quosrereaturnehsrumrsrum

276 843 699 917 taediumiamdiniepmn.
740 843 935 900 &durium
964 844 1058 902 abest.
1087 843 1172 899 him
1200 843 1296 899 eiss-

277 929 452 997 sentiantur,
472 936 507 984 ut
529 947 628 983 ornnes
647 946 680 983 se
700 928 756 983 hot·
777 928 918 1005 oolloquio
938 928 1207 984 mixifitedelecoui
1222 928 1297 984 fate

278 1011 1042 1085 antur.Quoui1uaGorgias.neoaussamsnmn
1069 1012 1297 1086 mrfiterdeae

277 1100 369 1158 ruisse
390 1098 544 1159 rideatur,
572 1097 720 1153 Socratem
745 1099 827 1154 iube-t
850 1116 1038 1173 quorsumque
1058 1097 1185 1153 voluerit
1206 1097 1296 1153 inrer-

279 1203 395 1258 rogare:
417 1202 450 1239 se
472 1182 1020 1256 euimadomninesserespousmm
1043 1183 1074 1238 P.
1092 1181 1296 1238 issu—lu

278 1271 436 1345 -Itaque
456 1267 522 1323 ille:
544 1267 623 1322 sudi
637 1267 704 1325 iam,
725 1267 831 1342 inquit,
854 1269 966 1327 otone,
991 1267 1059 1343 quid
1073 1266 1144 1321 mihi
1166 1267 1197 1321 in
1210 1285 1297 1340 supe·

277 1355 351 1412 tiore
371 1351 574 1426 disputatione
598 1362 651 1408 tna
676 1352 783 1407 mirum
804 1352 948 1409 undem.
992 1352 1139 1408 Profiteris
1167 1351 1245 1407 enin
1265 1362 1297 1407 te

278 1435 693 1510 institutioueoedistiplinu
720 1450 773 1492 tna
802 1436 874 1492 alios
902 1436 1021 1492 nudem
1048 1455 1133 1510 po&
1161 1448 1297 1503 ornantes

279 1524 328 1601 qui
356 1541 457 1580 oomm
485 1519 594 1595 populo
620 1520 657 1576 de
692 1521 826 1576 omnibus
854 1522 941 1577 subm
969 1521 1157 1594 probabiliter
1191 1519 1297 1577 dicturi

278 1609 344 1678 sint,
364 1607 457 1683 idque
478 1605 530 1669 sie,
551 1618 585 1662 ut
605 1625 664 1660 non
683 1606 816 1663 doceant.
836 1606 887 1660 sod
908 1605 1110 1679 persuadeant
1144 1606 1240 1678 Igitur
1259 1623 1298 1660 ex

216 1700 219 1704 '
279 1700 328 1750 tua
348 1689 501 1749 sententia
522 1690 631 1746 inscius
660 1690 737 1763 apud
764 1690 871 1745 insons
891 1691 985 1763 perito
1013 1690 1090 1746 diret
1109 1689 1297 1763 mutabilius,

280 1774 1297 1852 uooopuseritoratori‚ut‹miusquerei,dequadirturussit‚

283 1862 336 1918 rim
356 1870 391 1918 et
410 1866 552 1916 naturam
571 1859 766 1933 perspexerit:
795 1859 904 1915 suffieit
924 1859 1021 1933 potius
1041 1859 1159 1934 aliquod
1179 1877 1298 1932 persua·

288 1946 361 2003 dendi
384 1944 546 2002 artificium
559 1956 668 2011 tenere,
689 1963 747 2019 quo
768 1943 896 2019 quidque
910 1944 1046 2000 videatur
1058 1943 1163 2000 melius
1176 1944 1298 2000 rectius

289 2048 335 2106 que
352 2028 509 2103 eognitinn
529 2027 646 2089 hahere.
668 2047 755 2104 quam
776 2027 832 2084 viri
847 2028 1004 2102 prudentes
1021 2048 1055 2084 ae
1068 2028 1163 2102 periti„
1183 2029 1297 2085 Pasa.

284 2114 446 2174 D.—459.
466 2113 500 2170 C.
542 2112 595 2169 Ait
614 2113 738 2185 Gorgias
757 2113 812 2169 hoe
832 2113 875 2169 ita
895 2133 974 2179 esse,
1002 2113 1034 2168 in
1054 2132 1147 2189 eaque
1173 2133 1205 2169 ne
1225 2112 1297 2169 dicit

284 2200 357 2256 oerni
377 2218 471 2277 quam
490 2197 618 2254 maxime
646 2197 717 2253 artis
736 2197 897 2254 mamae
925 2198 1065 2255 virtutem
1093 2217 1129 2254 ae·
1147 2210 1297 2271 praestan-

284 2284 358 2341 tiam.
400 2284 481 2340 Tum
500 2281 593 2354 igitur
611 2282 758 2339 Socrates:
789 2282 834 2338 De
862 2283 917 2338 hoe
944 2302 1015 2338 reto
1040 2294 1213 2356 argumento
1239 2282 1298 2339 dis·

283 2367 449 2442 putabimus
468 2365 552 2435 alias,
574 2366 599 2422 si
620 2386 679 2442 qua
691 2385 763 2441 opus
776 2367 880 2429 fuerin
901 2386 980 2423 nune
999 2367 1072 2423 illud
1092 2367 1189 2441 potius
1208 2385 1298 2443 quae-

287 2469 393 2522 ramus,
421 2452 560 2509 ramme
580 2451 657 2506 idem
676 2451 714 2507 de
735 2452 812 2508 iusto
833 2462 922 2528 atque
949 2451 1067 2509 iniusto
1108 2449 1186 2510 Quid
1207 2451 1299 2523 igitur

255 2608 258 2612 ‚
284 2535 401 2595 oenses?
422 2556 494 2594 num
513 2536 623 2601 rhetor,
644 2536 776 2608 negleeta
796 2537 858 2591 reri
879 2535 1049 2606 oognitioue,
1072 2535 1133 2590 solo
1148 2554 1219 2590 usus
1232 2554 1297 2609 per·

283 2621 428 2678 suadendi
446 2619 569 2679 artificio
582 2620 613 2676 id
625 2620 742 2688 efficiet,
762 2632 798 2676 ut
810 2620 889 2693 apud
903 2619 1072 2693 insipientes
1084 2620 1175 2676 verba
1187 2620 1297 2676 faciens

284 2705 400 2763 iustum
411 2712 444 2762 et
453 2704 596 2762 iniustum
608 2705 714 2761 melius
726 2704 857 2778 sapiente
871 2704 1018 2776 eognitum
1032 2704 1140 2762 habene
1154 2705 1297 2774 rideatur,

286 2809 324 2846 au
346 2788 390 2859 ei,
419 2788 469 2866 qui
485 2789 650 2846 dietorioen
669 2800 858 2863 percepturus
879 2789 932 2858 sit,
961 2808 1078 2846 umesse
1104 2809 1168 2847 esse.
1189 2790 1297 2846 iudiea-

283 2874 397 2943 bimus,
420 2880 468 2943 ut,
488 2874 657 2950 priusquam
678 2874 716 2929 ad
736 2893 800 2930 eam
821 2874 1002 2931 uastandam
1022 2875 1154 2944 atwdat,
1176 2875 1246 2932 iusti
1267 2883 1298 2932 et

287 2958 401 3030 iniusti,
429 2958 524 3032 turpis
543 2968 574 3015 et
593 2958 724 3025 honesti,
753 2958 821 3014 boni
842 2970 873 3016 et
893 2958 961 3014 mali
983 2959 1145 3031 cognitione
1165 2960 1224 3015 iam
1244 2959 1298 3015 im·

285 3044 372 3102 butus
399 3041 459 3100 sit?
486 3052 588 3100 utrum
615 3043 705 3116 igitur
731 3056 779 3111 tu,
807 3043 880 3100 artis
907 3043 987 3100 illius
1015 3043 1125 3100 seilioet
1151 3044 1297 3117 magister,

283 3127 387 3186 horum
407 3127 539 3185 omnium
559 3127 633 3184 nihil
651 3128 750 3185 trades
768 3125 918 3201 discipulis
943 3127 1003 3184 tuis
1022 3128 1189 3205 efficiasque
1215 3129 1298 3186 insti·

283 3213 396 3271 tutione
416 3220 479 3282 tua,
499 3222 536 3270 ut
554 3211 608 3281 illi,
627 3212 761 3289 quamvis
781 3212 851 3269 iusti
874 3224 904 3271 et
924 3212 1027 3270 iniusti
1039 3213 1151 3269 nullam
1171 3213 1299 3272 habeant

284 3298 426 3368 notitiam,
447 3304 547 3356 tamen
566 3296 747 3354 multitudini
761 3297 916 3354 uideantur
929 3297 992 3353 eius
1010 3297 1173 3371 eoguitione
1187 3308 1298 3357 eeteros

286 3382 472 3451 anteoellere;
500 3401 542 3438 an
563 3400 600 3439 ne
620 3382 728 3456 poteris
747 3381 866 3458 quidem
891 3382 1027 3458 cuiquam
1054 3382 1217 3439 rhetoricen
1238 3394 1298 3440 tra·

288 3467 366 3537 dere,
392 3466 453 3524 nisi
474 3466 542 3543 quis
562 3465 620 3522 iam
640 3478 709 3524 ante
729 3466 898 3539 cognoverit
924 3466 1053 3524 iustitiae
1079 3466 1298 3544 iniustitiaeque

289 3556 419 3609 naturam
439 3560 471 3609 et
490 3550 652 3609 rationem?
677 3552 711 3608 P.
732 3557 802 3607 459.
824 3552 1043 3608 C.-460.·A.
1070 3551 1205 3609 Sentieus
1226 3552 1298 3610 Gor·

287 3635 353 3709 glas,
375 3655 517 3715 quorsum
529 3635 603 3693 liaeo
614 3646 755 3711 spectent,
776 3656 814 3692 ne
827 3635 898 3712 quid
913 3636 1029 3692 absurdi
1043 3635 1151 3693 dixisse
1164 3637 1299 3696 videatur

288 3727 334 3779 aut
354 3721 462 3779 deinde
482 3719 577 3795 turpis
597 3721 701 3778 erroris
721 3729 907 3794 mantin,
929 3720 1074 3796 Equidem
1094 3722 1232 3792 arbitror,
1254 3723 1298 3778 in-

288 3805 363 3881 quit,
394 3805 529 3874 Socrate,
558 3804 630 3862 haee
649 3824 766 3883 quoque
789 3825 832 3880 ex
851 3824 917 3862 mea
944 3804 1096 3879 disciplina
1124 3806 1298 3866 haustiuum

286 3907 346 3947 esse
375 3909 458 3961 eum,
494 3889 547 3967 qui
581 3908 682 3946 eorum
708 3889 798 3947 fuerit
825 3890 943 3963 ignarus
973 3900 1004 3947 et
1032 3890 1191 3964 imperitus.
1241 3891 1298 3948 Sed

285 3993 462 4052 quamquam
482 3975 557 4032 haee
576 3974 648 4032 satis
668 3984 753 4032 oaute
773 3984 804 4032 et
824 3974 982 4049 prudenter
1008 3976 1171 4049 respoudit,
1200 3985 1299 4033 tamen

285 4077 320 4116 ne
342 4059 385 4117 sio
406 4060 526 4137 quidem
547 4059 651 4133 effugit
670 4070 794 4117 structas
822 4059 848 4116 ei
870 4058 999 4116 insidias.
1042 4057 1139 4120 Quum
1167 4060 1246 4116 enim
1266 4060 1299 4117 in

285 4144 482 4220 superioribus
504 4142 627 4201 dixisset
646 4164 704 4200 non
725 4164 788 4201 osse
801 4144 873 4201 artis
894 4142 1054 4201 rhetorioae
1067 4144 1213 4216 magistris
1225 4145 1300 4203 vitio

283 4230 466 4301 vertendum,
488 4228 515 4286 si
533 4227 662 4302 ipsorum
682 4228 815 4304 discipuli
837 4238 899 4285 arte
914 4248 968 4284 suu
987 4230 1154 4297 abutantur,
1175 4229 1300 4306 ideoque

283 4313 472 4373 concessisset
492 4331 578 4388 posse
597 4312 739 4371 iniustum
757 4332 822 4370 esse
835 4320 986 4381 oratorem,
1008 4313 1139 4370 Socrates
1151 4312 1210 4370 iam
1231 4317 1300 4373 sub-

282 4396 374 4457 tiliter
393 4400 497 4458 dooere
525 4395 656 4457 instituit
682 4417 844 4474 repugnare
872 4417 921 4467 ea,
950 4416 1024 4475 quoe
1052 4398 1136 4455 modo
1164 4418 1301 4458 oouoessa
