<?xml version="1.0" encoding="UTF-8"?>
<!DOCTYPE html PUBLIC "-//W3C//DTD XHTML 1.0 Transitional//EN"
    "http://www.w3.org/TR/xhtml1/DTD/xhtml1-transitional.dtd">
<html xmlns="http://www.w3.org/1999/xhtml" xml:lang="en" lang="en">
 <head>
  <title>
</title>
<meta http-equiv="Content-Type" content="text/html;charset=utf-8" />
  <meta name='ocr-system' content='tesseract 3.04.00' />
  <meta name='ocr-capabilities' content='ocr_page ocr_carea ocr_par ocr_line ocrx_word'/>
</head>
<body>
  <div class='ocr_page' id='page_1' title='image "./platonisgorgias02platgoog_0078.png"; bbox 0 0 3242 5259; ppageno 0'>
   <div class='ocr_carea' id='block_1_1' title="bbox 387 590 1039 654">
    <p class='ocr_par' dir='ltr' id='par_1_1' title="bbox 387 590 1039 654">
     <span class='ocr_line' id='line_1_1' title="bbox 387 590 1039 654; baseline -0.008 0"><span class='ocrx_word' id='word_1_1' title='bbox 387 602 425 654; x_wconf 82' lang='lat'>56</span> <span class='ocrx_word' id='word_1_2' title='bbox 739 590 1039 650; x_wconf 85' lang='lat' dir='ltr'>PROLEGOMENA</span> 
     </span>
    </p>
   </div>
   <div class='ocr_carea' id='block_1_2' title="bbox 386 760 1411 4389">
    <p class='ocr_par' dir='ltr' id='par_1_2' title="bbox 386 760 1407 2681">
     <span class='ocr_line' id='line_1_2' title="bbox 386 760 1406 840; baseline -0.003 -17"><span class='ocrx_word' id='word_1_3' title='bbox 386 770 516 840; x_wconf 86' lang='lat' dir='ltr'>tempore</span> <span class='ocrx_word' id='word_1_4' title='bbox 537 762 631 838; x_wconf 88' lang='lat' dir='ltr'>operis</span> <span class='ocrx_word' id='word_1_5' title='bbox 652 761 737 829; x_wconf 82' lang='lat' dir='ltr'>modo</span> <span class='ocrx_word' id='word_1_6' title='bbox 759 760 925 835; x_wconf 90' lang='lat' dir='ltr'>expositum</span> <span class='ocrx_word' id='word_1_7' title='bbox 953 763 1012 832; x_wconf 82' lang='lat' dir='ltr'>est3</span> <span class='ocrx_word' id='word_1_8' title='bbox 1042 761 1137 835; x_wconf 75' lang='lat' dir='ltr'>placet</span> <span class='ocrx_word' id='word_1_9' title='bbox 1157 760 1247 833; x_wconf 88' lang='lat' dir='ltr'>igitur</span> <span class='ocrx_word' id='word_1_10' title='bbox 1269 762 1406 820; x_wconf 86' lang='lat' dir='ltr'>accedere</span> 
     </span>
     <span class='ocr_line' id='line_1_3' title="bbox 387 844 1406 924; baseline -0.002 -17"><span class='ocrx_word' id='word_1_11' title='bbox 387 849 476 907; x_wconf 90' lang='lat' dir='ltr'>etiam</span> <span class='ocrx_word' id='word_1_12' title='bbox 490 849 526 906; x_wconf 89' lang='lat' dir='ltr'>ad</span> <span class='ocrx_word' id='word_1_13' title='bbox 541 866 604 906; x_wconf 92' lang='lat' dir='ltr'>eam</span> <span class='ocrx_word' id='word_1_14' title='bbox 618 846 827 924; x_wconf 88' lang='lat' dir='ltr'>quaestionem,</span> <span class='ocrx_word' id='word_1_15' title='bbox 850 863 925 922; x_wconf 83' lang='lat' dir='ltr'>quae</span> <span class='ocrx_word' id='word_1_16' title='bbox 939 844 1067 920; x_wconf 79' lang='lat' dir='ltr'><strong>pertinet</strong></span> <span class='ocrx_word' id='word_1_17' title='bbox 1087 846 1123 902; x_wconf 88' lang='lat' dir='ltr'>ad</span> <span class='ocrx_word' id='word_1_18' title='bbox 1136 849 1276 920; x_wconf 87' lang='lat' dir='ltr'>tempora,</span> <span class='ocrx_word' id='word_1_19' title='bbox 1297 845 1406 924; x_wconf 87' lang='lat' dir='ltr'>quibus</span> 
     </span>
     <span class='ocr_line' id='line_1_4' title="bbox 387 929 1404 1006; baseline -0.002 -15"><span class='ocrx_word' id='word_1_20' title='bbox 387 933 533 1006; x_wconf 80' lang='lat' dir='ltr'>dialogum</span> <span class='ocrx_word' id='word_1_21' title='bbox 560 930 693 990; x_wconf 92' lang='lat' dir='ltr'>habitum</span> <span class='ocrx_word' id='word_1_22' title='bbox 729 929 801 1004; x_wconf 91' lang='lat' dir='ltr'>fingi</span> <span class='ocrx_word' id='word_1_23' title='bbox 830 929 978 1004; x_wconf 83' lang='lat' dir='ltr'>probabile</span> <span class='ocrx_word' id='word_1_24' title='bbox 1005 929 1149 988; x_wconf 82' lang='lat' dir='ltr'>videatur.</span> <span class='ocrx_word' id='word_1_25' title='bbox 1206 931 1306 989; x_wconf 83' lang='lat' dir='ltr'>Habet</span> <span class='ocrx_word' id='word_1_26' title='bbox 1332 950 1404 990; x_wconf 81' lang='lat' dir='ltr'>vero</span> 
     </span>
     <span class='ocr_line' id='line_1_5' title="bbox 387 1013 1406 1091; baseline -0.002 -16"><span class='ocrx_word' id='word_1_27' title='bbox 387 1019 459 1075; x_wconf 92' lang='lat' dir='ltr'>haec</span> <span class='ocrx_word' id='word_1_28' title='bbox 480 1022 510 1074; x_wconf 92' lang='lat' dir='ltr'>et</span> <span class='ocrx_word' id='word_1_29' title='bbox 529 1016 593 1091; x_wconf 90' lang='lat' dir='ltr'>ipsa</span> <span class='ocrx_word' id='word_1_30' title='bbox 612 1015 773 1088; x_wconf 83' lang='lat' dir='ltr'>singulares</span> <span class='ocrx_word' id='word_1_31' title='bbox 795 1014 935 1091; x_wconf 88' lang='lat' dir='ltr'>quasdam</span> <span class='ocrx_word' id='word_1_32' title='bbox 955 1013 1155 1084; x_wconf 87' lang='lat' dir='ltr'>difficultates,</span> <span class='ocrx_word' id='word_1_33' title='bbox 1183 1033 1258 1091; x_wconf 90' lang='lat' dir='ltr'>quae</span> <span class='ocrx_word' id='word_1_34' title='bbox 1279 1015 1329 1074; x_wconf 86' lang='lat' dir='ltr'>vel</span> <span class='ocrx_word' id='word_1_35' title='bbox 1349 1034 1406 1073; x_wconf 89' lang='lat' dir='ltr'>nu-</span> 
     </span>
     <span class='ocr_line' id='line_1_6' title="bbox 387 1098 1405 1178; baseline -0.002 -18"><span class='ocrx_word' id='word_1_36' title='bbox 387 1100 519 1178; x_wconf 88' lang='lat' dir='ltr'>perrimis</span> <span class='ocrx_word' id='word_1_37' title='bbox 540 1100 608 1159; x_wconf 86' lang='lat' dir='ltr'>libri</span> <span class='ocrx_word' id='word_1_38' title='bbox 635 1098 842 1174; x_wconf 78' lang='lat' dir='ltr'>interpretibus</span> <span class='ocrx_word' id='word_1_39' title='bbox 870 1098 950 1156; x_wconf 85' lang='lat' dir='ltr'>visae</span> <span class='ocrx_word' id='word_1_40' title='bbox 979 1105 1048 1156; x_wconf 86' lang='lat' dir='ltr'>sunt</span> <span class='ocrx_word' id='word_1_41' title='bbox 1078 1099 1149 1156; x_wconf 88' lang='lat' dir='ltr'>adeo</span> <span class='ocrx_word' id='word_1_42' title='bbox 1177 1098 1405 1172; x_wconf 79' lang='lat' dir='ltr'>inextricabiles,</span> 
     </span>
     <span class='ocr_line' id='line_1_7' title="bbox 388 1182 1405 1262; baseline -0.001 -18"><span class='ocrx_word' id='word_1_43' title='bbox 388 1191 422 1246; x_wconf 92' lang='lat' dir='ltr'>ut</span> <span class='ocrx_word' id='word_1_44' title='bbox 441 1185 572 1262; x_wconf 86' lang='lat' dir='ltr'>plerique</span> <span class='ocrx_word' id='word_1_45' title='bbox 594 1203 693 1242; x_wconf 88' lang='lat' dir='ltr'>omnes</span> <span class='ocrx_word' id='word_1_46' title='bbox 708 1203 770 1242; x_wconf 89' lang='lat' dir='ltr'>rem</span> <span class='ocrx_word' id='word_1_47' title='bbox 790 1183 823 1240; x_wconf 91' lang='lat' dir='ltr'>in</span> <span class='ocrx_word' id='word_1_48' title='bbox 844 1182 938 1241; x_wconf 90' lang='lat' dir='ltr'>medio</span> <span class='ocrx_word' id='word_1_49' title='bbox 952 1184 1115 1260; x_wconf 86' lang='lat' dir='ltr'>relinquere</span> <span class='ocrx_word' id='word_1_50' title='bbox 1129 1183 1291 1242; x_wconf 87' lang='lat' dir='ltr'>consultius</span> <span class='ocrx_word' id='word_1_51' title='bbox 1312 1184 1405 1243; x_wconf 86' lang='lat' dir='ltr'>duxe-</span> 
     </span>
     <span class='ocr_line' id='line_1_8' title="bbox 387 1267 1405 1348; baseline 0 -20"><span class='ocrx_word' id='word_1_52' title='bbox 387 1271 455 1340; x_wconf 87' lang='lat' dir='ltr'>rint,</span> <span class='ocrx_word' id='word_1_53' title='bbox 478 1289 566 1348; x_wconf 90' lang='lat' dir='ltr'>quam</span> <span class='ocrx_word' id='word_1_54' title='bbox 587 1268 728 1326; x_wconf 83' lang='lat' dir='ltr'>curiosius</span> <span class='ocrx_word' id='word_1_55' title='bbox 743 1269 778 1325; x_wconf 92' lang='lat' dir='ltr'>de</span> <span class='ocrx_word' id='word_1_56' title='bbox 801 1287 836 1326; x_wconf 90' lang='lat' dir='ltr'>ea</span> <span class='ocrx_word' id='word_1_57' title='bbox 857 1286 1001 1342; x_wconf 86' lang='lat' dir='ltr'>exponere</span> <span class='ocrx_word' id='word_1_58' title='bbox 1017 1273 1069 1325; x_wconf 90' lang='lat' dir='ltr'>ant</span> <span class='ocrx_word' id='word_1_59' title='bbox 1090 1267 1162 1325; x_wconf 90' lang='lat' dir='ltr'>certi</span> <span class='ocrx_word' id='word_1_60' title='bbox 1180 1267 1250 1345; x_wconf 91' lang='lat' dir='ltr'>quid</span> <span class='ocrx_word' id='word_1_61' title='bbox 1266 1273 1405 1328; x_wconf 86' lang='lat' dir='ltr'>statuere.</span> 
     </span>
     <span class='ocr_line' id='line_1_9' title="bbox 389 1351 1406 1431; baseline -0.001 -18"><span class='ocrx_word' id='word_1_62' title='bbox 389 1354 585 1413; x_wconf 88' lang='lat' dir='ltr'>Nihilominus</span> <span class='ocrx_word' id='word_1_63' title='bbox 614 1353 766 1431; x_wconf 87' lang='lat' dir='ltr'>exquirere</span> <span class='ocrx_word' id='word_1_64' title='bbox 795 1352 976 1423; x_wconf 82' lang='lat' dir='ltr'>conabimur,</span> <span class='ocrx_word' id='word_1_65' title='bbox 1009 1372 1081 1410; x_wconf 92' lang='lat' dir='ltr'>num</span> <span class='ocrx_word' id='word_1_66' title='bbox 1108 1370 1167 1430; x_wconf 91' lang='lat' dir='ltr'>qua</span> <span class='ocrx_word' id='word_1_67' title='bbox 1196 1352 1233 1409; x_wconf 90' lang='lat' dir='ltr'>ad</span> <span class='ocrx_word' id='word_1_68' title='bbox 1261 1351 1406 1430; x_wconf 90' lang='lat' dir='ltr'>liquidum</span> 
     </span>
     <span class='ocr_line' id='line_1_10' title="bbox 388 1436 1405 1516; baseline 0 -19"><span class='ocrx_word' id='word_1_69' title='bbox 388 1439 508 1516; x_wconf 89' lang='lat' dir='ltr'>perduci</span> <span class='ocrx_word' id='word_1_70' title='bbox 529 1442 617 1516; x_wconf 90' lang='lat' dir='ltr'>queat</span> <span class='ocrx_word' id='word_1_71' title='bbox 638 1438 715 1515; x_wconf 92' lang='lat' dir='ltr'>quod</span> <span class='ocrx_word' id='word_1_72' title='bbox 736 1437 831 1497; x_wconf 78' lang='lat' dir='ltr'>adhuc</span> <span class='ocrx_word' id='word_1_73' title='bbox 852 1437 883 1494; x_wconf 89' lang='lat' dir='ltr'>in</span> <span class='ocrx_word' id='word_1_74' title='bbox 905 1436 991 1494; x_wconf 90' lang='lat' dir='ltr'>dubio</span> <span class='ocrx_word' id='word_1_75' title='bbox 1014 1441 1044 1496; x_wconf 86' lang='lat' dir='ltr'>et</span> <span class='ocrx_word' id='word_1_76' title='bbox 1063 1437 1173 1496; x_wconf 86' lang='lat' dir='ltr'>incerto</span> <span class='ocrx_word' id='word_1_77' title='bbox 1195 1436 1331 1496; x_wconf 90' lang='lat' dir='ltr'>relictum</span> <span class='ocrx_word' id='word_1_78' title='bbox 1352 1445 1405 1510; x_wconf 89' lang='lat' dir='ltr'>est,</span> 
     </span>
     <span class='ocr_line' id='line_1_11' title="bbox 390 1522 1405 1601; baseline -0.001 -19"><span class='ocrx_word' id='word_1_79' title='bbox 390 1543 482 1601; x_wconf 89' lang='lat' dir='ltr'>eoque</span> <span class='ocrx_word' id='word_1_80' title='bbox 503 1523 586 1580; x_wconf 91' lang='lat' dir='ltr'>modo</span> <span class='ocrx_word' id='word_1_81' title='bbox 608 1522 748 1598; x_wconf 87' lang='lat' dir='ltr'>experiri,</span> <span class='ocrx_word' id='word_1_82' title='bbox 778 1542 851 1579; x_wconf 92' lang='lat' dir='ltr'>num</span> <span class='ocrx_word' id='word_1_83' title='bbox 870 1522 925 1578; x_wconf 82' lang='lat' dir='ltr'>hac</span> <span class='ocrx_word' id='word_1_84' title='bbox 946 1541 1061 1599; x_wconf 90' lang='lat' dir='ltr'>quoque</span> <span class='ocrx_word' id='word_1_85' title='bbox 1088 1539 1175 1597; x_wconf 91' lang='lat' dir='ltr'>opera</span> <span class='ocrx_word' id='word_1_86' title='bbox 1201 1526 1302 1580; x_wconf 89' lang='lat' dir='ltr'>nostra</span> <span class='ocrx_word' id='word_1_87' title='bbox 1322 1542 1405 1597; x_wconf 90' lang='lat' dir='ltr'>prae·</span> 
     </span>
     <span class='ocr_line' id='line_1_12' title="bbox 390 1605 1406 1684; baseline 0 -16"><span class='ocrx_word' id='word_1_88' title='bbox 390 1608 568 1668; x_wconf 86' lang='lat' dir='ltr'>stantissimo</span> <span class='ocrx_word' id='word_1_89' title='bbox 590 1607 713 1665; x_wconf 87' lang='lat' dir='ltr'>sermoni</span> <span class='ocrx_word' id='word_1_90' title='bbox 729 1607 839 1684; x_wconf 89' lang='lat' dir='ltr'>aliquid</span> <span class='ocrx_word' id='word_1_91' title='bbox 852 1605 925 1663; x_wconf 90' lang='lat' dir='ltr'>lucis</span> <span class='ocrx_word' id='word_1_92' title='bbox 941 1608 1093 1665; x_wconf 86' lang='lat' dir='ltr'>admovere</span> <span class='ocrx_word' id='word_1_93' title='bbox 1108 1606 1260 1682; x_wconf 89' lang='lat' dir='ltr'>possimus.</span> <span class='ocrx_word' id='word_1_94' title='bbox 1287 1607 1406 1668; x_wconf 77' lang='lat' dir='ltr'>Tracta·</span> 
     </span>
     <span class='ocr_line' id='line_1_13' title="bbox 390 1691 1407 1769; baseline -0.002 -17"><span class='ocrx_word' id='word_1_95' title='bbox 390 1693 485 1752; x_wconf 90' lang='lat' dir='ltr'>bimus</span> <span class='ocrx_word' id='word_1_96' title='bbox 507 1698 605 1750; x_wconf 86' lang='lat' dir='ltr'>autem</span> <span class='ocrx_word' id='word_1_97' title='bbox 625 1692 701 1749; x_wconf 90' lang='lat' dir='ltr'>hanc</span> <span class='ocrx_word' id='word_1_98' title='bbox 722 1691 873 1750; x_wconf 86' lang='lat' dir='ltr'>materiam</span> <span class='ocrx_word' id='word_1_99' title='bbox 894 1692 948 1748; x_wconf 92' lang='lat' dir='ltr'>hoc</span> <span class='ocrx_word' id='word_1_100' title='bbox 963 1692 1071 1761; x_wconf 88' lang='lat' dir='ltr'>ordine,</span> <span class='ocrx_word' id='word_1_101' title='bbox 1093 1697 1128 1749; x_wconf 92' lang='lat' dir='ltr'>ut</span> <span class='ocrx_word' id='word_1_102' title='bbox 1148 1691 1274 1766; x_wconf 89' lang='lat' dir='ltr'>primum</span> <span class='ocrx_word' id='word_1_103' title='bbox 1289 1691 1407 1769; x_wconf 90' lang='lat' dir='ltr'>quidem</span> 
     </span>
     <span class='ocr_line' id='line_1_14' title="bbox 390 1770 1406 1836; baseline 0.001 -1"><span class='ocrx_word' id='word_1_104' title='bbox 390 1777 486 1836; x_wconf 86' lang='lat' dir='ltr'>varias</span> <span class='ocrx_word' id='word_1_105' title='bbox 508 1796 541 1834; x_wconf 92' lang='lat' dir='ltr'>ac</span> <span class='ocrx_word' id='word_1_106' title='bbox 561 1776 690 1835; x_wconf 83' lang='lat' dir='ltr'>diversas</span> <span class='ocrx_word' id='word_1_107' title='bbox 717 1776 881 1835; x_wconf 79' lang='lat' dir='ltr'>criticorum</span> <span class='ocrx_word' id='word_1_108' title='bbox 909 1776 944 1832; x_wconf 89' lang='lat' dir='ltr'>de</span> <span class='ocrx_word' id='word_1_109' title='bbox 972 1796 1004 1834; x_wconf 90' lang='lat' dir='ltr'>re</span> <span class='ocrx_word' id='word_1_110' title='bbox 1033 1770 1218 1836; x_wconf 87' lang='lat' dir='ltr'>controversa</span> <span class='ocrx_word' id='word_1_111' title='bbox 1245 1777 1406 1836; x_wconf 86' lang='lat' dir='ltr'>sententias</span> 
     </span>
     <span class='ocr_line' id='line_1_15' title="bbox 390 1859 1406 1938; baseline 0.001 -19"><span class='ocrx_word' id='word_1_112' title='bbox 390 1861 490 1938; x_wconf 88' lang='lat' dir='ltr'>paucis</span> <span class='ocrx_word' id='word_1_113' title='bbox 511 1880 718 1937; x_wconf 86' lang='lat' dir='ltr'>proponamus,</span> <span class='ocrx_word' id='word_1_114' title='bbox 748 1860 852 1918; x_wconf 91' lang='lat' dir='ltr'>deinde</span> <span class='ocrx_word' id='word_1_115' title='bbox 880 1859 963 1933; x_wconf 88' lang='lat' dir='ltr'>signa</span> <span class='ocrx_word' id='word_1_116' title='bbox 984 1866 1014 1919; x_wconf 91' lang='lat' dir='ltr'>et</span> <span class='ocrx_word' id='word_1_117' title='bbox 1033 1860 1141 1918; x_wconf 91' lang='lat' dir='ltr'>indicia</span> <span class='ocrx_word' id='word_1_118' title='bbox 1161 1865 1326 1935; x_wconf 87' lang='lat' dir='ltr'>temporum</span> <span class='ocrx_word' id='word_1_119' title='bbox 1346 1862 1406 1920; x_wconf 89' lang='lat' dir='ltr'>dia·</span> 
     </span>
     <span class='ocr_line' id='line_1_16' title="bbox 391 1944 1406 2022; baseline 0.001 -18"><span class='ocrx_word' id='word_1_120' title='bbox 391 1947 456 2020; x_wconf 89' lang='lat' dir='ltr'>logo</span> <span class='ocrx_word' id='word_1_121' title='bbox 475 1946 533 2022; x_wconf 92' lang='lat' dir='ltr'>ipsi</span> <span class='ocrx_word' id='word_1_122' title='bbox 552 1946 693 2021; x_wconf 90' lang='lat' dir='ltr'>impressa</span> <span class='ocrx_word' id='word_1_123' title='bbox 715 1944 882 2018; x_wconf 88' lang='lat' dir='ltr'>colligamus</span> <span class='ocrx_word' id='word_1_124' title='bbox 904 1964 1060 2022; x_wconf 88' lang='lat' dir='ltr'>eorumque</span> <span class='ocrx_word' id='word_1_125' title='bbox 1080 1951 1214 2004; x_wconf 86' lang='lat' dir='ltr'>notemus</span> <span class='ocrx_word' id='word_1_126' title='bbox 1241 1945 1406 2022; x_wconf 72' lang='lat' dir='ltr'>ffiscrepan·</span> 
     </span>
     <span class='ocr_line' id='line_1_17' title="bbox 391 2028 1406 2108; baseline 0.002 -21"><span class='ocrx_word' id='word_1_127' title='bbox 391 2031 470 2101; x_wconf 88' lang='lat' dir='ltr'>tiam,</span> <span class='ocrx_word' id='word_1_128' title='bbox 500 2035 645 2106; x_wconf 88' lang='lat' dir='ltr'>postremo</span> <span class='ocrx_word' id='word_1_129' title='bbox 668 2034 766 2088; x_wconf 85' lang='lat' dir='ltr'>autem</span> <span class='ocrx_word' id='word_1_130' title='bbox 787 2028 986 2105; x_wconf 84' lang='lat' dir='ltr'>dispiciamus,</span> <span class='ocrx_word' id='word_1_131' title='bbox 1008 2050 1080 2087; x_wconf 93' lang='lat' dir='ltr'>num</span> <span class='ocrx_word' id='word_1_132' title='bbox 1100 2049 1174 2108; x_wconf 88' lang='lat' dir='ltr'>quae</span> <span class='ocrx_word' id='word_1_133' title='bbox 1196 2029 1290 2105; x_wconf 89' lang='lat' dir='ltr'>prima</span> <span class='ocrx_word' id='word_1_134' title='bbox 1311 2032 1406 2106; x_wconf 86' lang='lat' dir='ltr'>specie</span> 
     </span>
     <span class='ocr_line' id='line_1_18' title="bbox 391 2114 1406 2190; baseline 0.002 -18"><span class='ocrx_word' id='word_1_135' title='bbox 391 2115 517 2173; x_wconf 90' lang='lat' dir='ltr'>maxime</span> <span class='ocrx_word' id='word_1_136' title='bbox 537 2115 615 2173; x_wconf 89' lang='lat' dir='ltr'>inter</span> <span class='ocrx_word' id='word_1_137' title='bbox 635 2115 698 2189; x_wconf 89' lang='lat' dir='ltr'>ipsa</span> <span class='ocrx_word' id='word_1_138' title='bbox 718 2133 847 2190; x_wconf 87' lang='lat' dir='ltr'>pugnare</span> <span class='ocrx_word' id='word_1_139' title='bbox 869 2114 1021 2185; x_wconf 82' lang='lat' dir='ltr'>videntur,</span> <span class='ocrx_word' id='word_1_140' title='bbox 1053 2134 1088 2171; x_wconf 91' lang='lat' dir='ltr'>ea</span> <span class='ocrx_word' id='word_1_141' title='bbox 1108 2115 1186 2174; x_wconf 88' lang='lat' dir='ltr'>inter</span> <span class='ocrx_word' id='word_1_142' title='bbox 1206 2134 1237 2172; x_wconf 94' lang='lat' dir='ltr'>se</span> <span class='ocrx_word' id='word_1_143' title='bbox 1260 2115 1406 2174; x_wconf 88' lang='lat' dir='ltr'>conciliari</span> 
     </span>
     <span class='ocr_line' id='line_1_19' title="bbox 392 2198 1406 2278; baseline 0.002 -21"><span class='ocrx_word' id='word_1_144' title='bbox 392 2205 422 2259; x_wconf 89' lang='lat' dir='ltr'>et</span> <span class='ocrx_word' id='word_1_145' title='bbox 443 2200 480 2257; x_wconf 90' lang='lat' dir='ltr'>ad</span> <span class='ocrx_word' id='word_1_146' title='bbox 500 2219 589 2256; x_wconf 89' lang='lat' dir='ltr'>unam</span> <span class='ocrx_word' id='word_1_147' title='bbox 610 2199 755 2276; x_wconf 89' lang='lat' dir='ltr'>quandam</span> <span class='ocrx_word' id='word_1_148' title='bbox 775 2203 938 2273; x_wconf 88' lang='lat' dir='ltr'>temporum</span> <span class='ocrx_word' id='word_1_149' title='bbox 957 2200 1080 2256; x_wconf 83' lang='lat' dir='ltr'>formam</span> <span class='ocrx_word' id='word_1_150' title='bbox 1101 2205 1131 2258; x_wconf 91' lang='lat' dir='ltr'>et</span> <span class='ocrx_word' id='word_1_151' title='bbox 1145 2198 1310 2273; x_wconf 87' lang='lat' dir='ltr'>imaginem,</span> <span class='ocrx_word' id='word_1_152' title='bbox 1332 2220 1406 2278; x_wconf 89' lang='lat' dir='ltr'>quae</span> 
     </span>
     <span class='ocr_line' id='line_1_20' title="bbox 391 2282 1406 2360; baseline 0.002 -19"><span class='ocrx_word' id='word_1_153' title='bbox 391 2284 556 2359; x_wconf 87' lang='lat' dir='ltr'>philosophi</span> <span class='ocrx_word' id='word_1_154' title='bbox 586 2283 680 2341; x_wconf 90' lang='lat' dir='ltr'>animo</span> <span class='ocrx_word' id='word_1_155' title='bbox 709 2283 747 2342; x_wconf 89' lang='lat' dir='ltr'>sit</span> <span class='ocrx_word' id='word_1_156' title='bbox 776 2285 943 2353; x_wconf 88' lang='lat' dir='ltr'>obversata,</span> <span class='ocrx_word' id='word_1_157' title='bbox 972 2284 1074 2342; x_wconf 83' lang='lat' dir='ltr'>referri</span> <span class='ocrx_word' id='word_1_158' title='bbox 1102 2291 1219 2360; x_wconf 90' lang='lat' dir='ltr'>queant.</span> <span class='ocrx_word' id='word_1_159' title='bbox 1270 2282 1356 2347; x_wconf 73' lang='lat' dir='ltr'>Quod</span> <span class='ocrx_word' id='word_1_160' title='bbox 1383 2285 1406 2344; x_wconf 94' lang='lat' dir='ltr'>si</span> 
     </span>
     <span class='ocr_line' id='line_1_21' title="bbox 393 2367 1407 2444; baseline 0.003 -18"><span class='ocrx_word' id='word_1_161' title='bbox 393 2369 538 2427; x_wconf 89' lang='lat' dir='ltr'>commode</span> <span class='ocrx_word' id='word_1_162' title='bbox 559 2367 622 2427; x_wconf 87' lang='lat' dir='ltr'>fieri</span> <span class='ocrx_word' id='word_1_163' title='bbox 645 2367 765 2443; x_wconf 91' lang='lat' dir='ltr'>poterit,</span> <span class='ocrx_word' id='word_1_164' title='bbox 795 2373 872 2425; x_wconf 81' lang='lat' dir='ltr'>certe</span> <span class='ocrx_word' id='word_1_165' title='bbox 894 2367 983 2426; x_wconf 91' lang='lat' dir='ltr'>etiam</span> <span class='ocrx_word' id='word_1_166' title='bbox 1009 2375 1123 2444; x_wconf 88' lang='lat' dir='ltr'>tempus</span> <span class='ocrx_word' id='word_1_167' title='bbox 1144 2369 1217 2426; x_wconf 89' lang='lat' dir='ltr'>illud</span> <span class='ocrx_word' id='word_1_168' title='bbox 1237 2368 1407 2444; x_wconf 88' lang='lat' dir='ltr'>indagatum</span> 
     </span>
     <span class='ocr_line' id='line_1_22' title="bbox 394 2452 1407 2529; baseline 0 -17"><span class='ocrx_word' id='word_1_169' title='bbox 394 2473 457 2512; x_wconf 85' lang='lat' dir='ltr'>esse</span> <span class='ocrx_word' id='word_1_170' title='bbox 477 2453 576 2529; x_wconf 92' lang='lat' dir='ltr'>putari</span> <span class='ocrx_word' id='word_1_171' title='bbox 603 2452 715 2522; x_wconf 90' lang='lat' dir='ltr'>licebit,</span> <span class='ocrx_word' id='word_1_172' title='bbox 744 2471 801 2528; x_wconf 93' lang='lat' dir='ltr'>quo</span> <span class='ocrx_word' id='word_1_173' title='bbox 830 2471 923 2509; x_wconf 92' lang='lat' dir='ltr'>sermo</span> <span class='ocrx_word' id='word_1_174' title='bbox 951 2453 1068 2511; x_wconf 91' lang='lat' dir='ltr'>habitus</span> <span class='ocrx_word' id='word_1_175' title='bbox 1095 2453 1167 2527; x_wconf 86' lang='lat' dir='ltr'>fingi</span> <span class='ocrx_word' id='word_1_176' title='bbox 1196 2453 1407 2512; x_wconf 88' lang='lat' dir='ltr'>existimandus</span> 
     </span>
     <span class='ocr_line' id='line_1_23' title="bbox 394 2536 1407 2613; baseline 0.001 -16"><span class='ocrx_word' id='word_1_177' title='bbox 394 2539 440 2610; x_wconf 89' lang='lat' dir='ltr'>sit,</span> <span class='ocrx_word' id='word_1_178' title='bbox 462 2537 632 2613; x_wconf 87' lang='lat' dir='ltr'>praesertim</span> <span class='ocrx_word' id='word_1_179' title='bbox 654 2537 678 2595; x_wconf 91' lang='lat' dir='ltr'>si</span> <span class='ocrx_word' id='word_1_180' title='bbox 700 2536 788 2594; x_wconf 90' lang='lat' dir='ltr'>etiam</span> <span class='ocrx_word' id='word_1_181' title='bbox 809 2537 940 2595; x_wconf 84' lang='lat' dir='ltr'>universi</span> <span class='ocrx_word' id='word_1_182' title='bbox 964 2536 1031 2595; x_wconf 88' lang='lat' dir='ltr'>libri</span> <span class='ocrx_word' id='word_1_183' title='bbox 1053 2557 1194 2595; x_wconf 92' lang='lat' dir='ltr'>summam</span> <span class='ocrx_word' id='word_1_184' title='bbox 1223 2537 1250 2596; x_wconf 90' lang='lat' dir='ltr'>ei</span> <span class='ocrx_word' id='word_1_185' title='bbox 1271 2539 1325 2596; x_wconf 90' lang='lat' dir='ltr'>uni</span> <span class='ocrx_word' id='word_1_186' title='bbox 1346 2559 1407 2598; x_wconf 85' lang='lat' dir='ltr'>csse</span> 
     </span>
     <span class='ocr_line' id='line_1_24' title="bbox 394 2621 981 2681; baseline -0.003 -1"><span class='ocrx_word' id='word_1_187' title='bbox 394 2623 613 2681; x_wconf 89' lang='lat' dir='ltr'>convenientem</span> <span class='ocrx_word' id='word_1_188' title='bbox 635 2622 865 2679; x_wconf 87' lang='lat' dir='ltr'>demonstratum</span> <span class='ocrx_word' id='word_1_189' title='bbox 884 2621 981 2679; x_wconf 83' lang='lat' dir='ltr'>fuerit.</span> 
     </span>
    </p>

    <p class='ocr_par' dir='ltr' id='par_1_3' title="bbox 391 2705 1411 4389">
     <span class='ocr_line' id='line_1_25' title="bbox 455 2705 1407 2784; baseline 0.004 -21"><span class='ocrx_word' id='word_1_190' title='bbox 455 2708 559 2784; x_wconf 88' lang='lat' dir='ltr'>Itaque</span> <span class='ocrx_word' id='word_1_191' title='bbox 581 2706 708 2781; x_wconf 89' lang='lat' dir='ltr'>primum</span> <span class='ocrx_word' id='word_1_192' title='bbox 730 2706 848 2782; x_wconf 90' lang='lat' dir='ltr'>quidem</span> <span class='ocrx_word' id='word_1_193' title='bbox 867 2705 918 2764; x_wconf 91' lang='lat' dir='ltr'>ubi</span> <span class='ocrx_word' id='word_1_194' title='bbox 939 2705 1113 2783; x_wconf 89' lang='lat' dir='ltr'>quaerimus,</span> <span class='ocrx_word' id='word_1_195' title='bbox 1136 2705 1207 2783; x_wconf 90' lang='lat' dir='ltr'>quid</span> <span class='ocrx_word' id='word_1_196' title='bbox 1228 2706 1298 2765; x_wconf 91' lang='lat' dir='ltr'>libri</span> <span class='ocrx_word' id='word_1_197' title='bbox 1318 2707 1407 2767; x_wconf 87' lang='lat' dir='ltr'>inter·</span> 
     </span>
     <span class='ocr_line' id='line_1_26' title="bbox 391 2789 1407 2868; baseline 0.002 -20"><span class='ocrx_word' id='word_1_198' title='bbox 391 2795 488 2866; x_wconf 88' lang='lat' dir='ltr'>pretes</span> <span class='ocrx_word' id='word_1_199' title='bbox 509 2795 597 2868; x_wconf 90' lang='lat' dir='ltr'>atque</span> <span class='ocrx_word' id='word_1_200' title='bbox 626 2789 719 2848; x_wconf 88' lang='lat' dir='ltr'>critici</span> <span class='ocrx_word' id='word_1_201' title='bbox 748 2791 784 2847; x_wconf 91' lang='lat' dir='ltr'>de</span> <span class='ocrx_word' id='word_1_202' title='bbox 812 2797 941 2865; x_wconf 89' lang='lat' dir='ltr'>tempore</span> <span class='ocrx_word' id='word_1_203' title='bbox 961 2790 1166 2861; x_wconf 84' lang='lat' dir='ltr'>iudicaverint,</span> <span class='ocrx_word' id='word_1_204' title='bbox 1196 2810 1254 2868; x_wconf 94' lang='lat' dir='ltr'>quo</span> <span class='ocrx_word' id='word_1_205' title='bbox 1275 2792 1407 2867; x_wconf 87' lang='lat' dir='ltr'>dialogus</span> 
     </span>
     <span class='ocr_line' id='line_1_27' title="bbox 392 2874 1408 2950; baseline 0.004 -18"><span class='ocrx_word' id='word_1_206' title='bbox 392 2880 556 2950; x_wconf 84' lang='lat' dir='ltr'>peraretur,</span> <span class='ocrx_word' id='word_1_207' title='bbox 585 2879 688 2947; x_wconf 87' lang='lat' dir='ltr'>regnat</span> <span class='ocrx_word' id='word_1_208' title='bbox 709 2893 777 2931; x_wconf 90' lang='lat' dir='ltr'>sane</span> <span class='ocrx_word' id='word_1_209' title='bbox 798 2874 927 2932; x_wconf 91' lang='lat' dir='ltr'>maxima</span> <span class='ocrx_word' id='word_1_210' title='bbox 948 2894 982 2933; x_wconf 91' lang='lat' dir='ltr'>ea</span> <span class='ocrx_word' id='word_1_211' title='bbox 1009 2875 1045 2932; x_wconf 92' lang='lat' dir='ltr'>de</span> <span class='ocrx_word' id='word_1_212' title='bbox 1066 2895 1097 2933; x_wconf 89' lang='lat' dir='ltr'>re</span> <span class='ocrx_word' id='word_1_213' title='bbox 1119 2875 1331 2935; x_wconf 88' lang='lat' dir='ltr'>sententiarum</span> <span class='ocrx_word' id='word_1_214' title='bbox 1351 2877 1408 2936; x_wconf 91' lang='lat' dir='ltr'>dis·</span> 
     </span>
     <span class='ocr_line' id='line_1_28' title="bbox 393 2958 1408 3037; baseline 0.006 -21"><span class='ocrx_word' id='word_1_215' title='bbox 393 2959 555 3035; x_wconf 88' lang='lat' dir='ltr'>crepantia,</span> <span class='ocrx_word' id='word_1_216' title='bbox 585 2958 820 3037; x_wconf 88' lang='lat' dir='ltr'>quandoquidem</span> <span class='ocrx_word' id='word_1_217' title='bbox 841 2959 890 3015; x_wconf 91' lang='lat' dir='ltr'>alii</span> <span class='ocrx_word' id='word_1_218' title='bbox 912 2979 979 3017; x_wconf 92' lang='lat' dir='ltr'>eum</span> <span class='ocrx_word' id='word_1_219' title='bbox 1001 2959 1075 3017; x_wconf 89' lang='lat' dir='ltr'>circa</span> <span class='ocrx_word' id='word_1_220' title='bbox 1089 2959 1159 3018; x_wconf 91' lang='lat' dir='ltr'>belli</span> <span class='ocrx_word' id='word_1_221' title='bbox 1172 2960 1408 3035; x_wconf 83' lang='lat' dir='ltr'>Peloponnesiaci</span> 
     </span>
     <span class='ocr_line' id='line_1_29' title="bbox 392 3042 1408 3115; baseline 0.006 -15"><span class='ocrx_word' id='word_1_222' title='bbox 392 3043 479 3101; x_wconf 92' lang='lat' dir='ltr'>initia</span> <span class='ocrx_word' id='word_1_223' title='bbox 498 3042 632 3101; x_wconf 90' lang='lat' dir='ltr'>habitum</span> <span class='ocrx_word' id='word_1_224' title='bbox 653 3062 715 3102; x_wconf 91' lang='lat' dir='ltr'>esse</span> <span class='ocrx_word' id='word_1_225' title='bbox 736 3044 907 3115; x_wconf 88' lang='lat' dir='ltr'>voluerunt,</span> <span class='ocrx_word' id='word_1_226' title='bbox 931 3044 981 3101; x_wconf 91' lang='lat' dir='ltr'>alii</span> <span class='ocrx_word' id='word_1_227' title='bbox 1002 3064 1069 3102; x_wconf 92' lang='lat' dir='ltr'>eum</span> <span class='ocrx_word' id='word_1_228' title='bbox 1089 3045 1269 3104; x_wconf 87' lang='lat' dir='ltr'>rettulerunt</span> <span class='ocrx_word' id='word_1_229' title='bbox 1289 3046 1352 3106; x_wconf 86' lang='lat' dir='ltr'>fere</span> <span class='ocrx_word' id='word_1_230' title='bbox 1372 3048 1408 3105; x_wconf 87' lang='lat' dir='ltr'>ad</span> 
     </span>
     <span class='ocr_line' id='line_1_30' title="bbox 393 3128 1410 3207; baseline 0.005 -23"><span class='ocrx_word' id='word_1_231' title='bbox 393 3128 472 3185; x_wconf 92' lang='lat' dir='ltr'>illius</span> <span class='ocrx_word' id='word_1_232' title='bbox 495 3128 615 3199; x_wconf 88' lang='lat' dir='ltr'>exitum,</span> <span class='ocrx_word' id='word_1_233' title='bbox 637 3128 760 3204; x_wconf 85' lang='lat' dir='ltr'>denique</span> <span class='ocrx_word' id='word_1_234' title='bbox 776 3128 864 3185; x_wconf 89' lang='lat' dir='ltr'>etiam</span> <span class='ocrx_word' id='word_1_235' title='bbox 879 3128 1056 3188; x_wconf 79' lang='lat' dir='ltr'>exstiterrmt</span> <span class='ocrx_word' id='word_1_236' title='bbox 1075 3129 1168 3207; x_wconf 85' lang='lat' dir='ltr'>quisi</span> <span class='ocrx_word' id='word_1_237' title='bbox 1182 3129 1312 3188; x_wconf 89' lang='lat' dir='ltr'>medium</span> <span class='ocrx_word' id='word_1_238' title='bbox 1332 3131 1410 3191; x_wconf 82' lang='lat' dir='ltr'>inter</span> 
     </span>
     <span class='ocr_line' id='line_1_31' title="bbox 392 3212 1409 3290; baseline 0.006 -20"><span class='ocrx_word' id='word_1_239' title='bbox 392 3217 549 3290; x_wconf 87' lang='lat' dir='ltr'>utrumque</span> <span class='ocrx_word' id='word_1_240' title='bbox 569 3217 684 3288; x_wconf 88' lang='lat' dir='ltr'>tempus</span> <span class='ocrx_word' id='word_1_241' title='bbox 710 3212 867 3271; x_wconf 87' lang='lat' dir='ltr'>terminum</span> <span class='ocrx_word' id='word_1_242' title='bbox 887 3213 1076 3286; x_wconf 90' lang='lat' dir='ltr'>assignarent.</span> <span class='ocrx_word' id='word_1_243' title='bbox 1110 3214 1188 3271; x_wconf 85' lang='lat' dir='ltr'>Nam</span> <span class='ocrx_word' id='word_1_244' title='bbox 1207 3217 1409 3289; x_wconf 85' lang='lat' dir='ltr'>Augustus</span> 
     </span>
     <span class='ocr_line' id='line_1_32' title="bbox 393 3296 1408 3375; baseline 0.007 -21"><span class='ocrx_word' id='word_1_245' title='bbox 393 3297 511 3375; x_wconf 91' lang='lat' dir='ltr'>quidem</span> <span class='ocrx_word' id='word_1_246' title='bbox 544 3296 759 3355; x_wconf 88' lang='lat' dir='ltr'>Boeckhius</span> <span class='ocrx_word' id='word_1_247' title='bbox 796 3297 828 3354; x_wconf 89' lang='lat' dir='ltr'>in</span> <span class='ocrx_word' id='word_1_248' title='bbox 864 3316 985 3355; x_wconf 85' lang='lat' dir='ltr'>censura</span> <span class='ocrx_word' id='word_1_249' title='bbox 1019 3298 1153 3358; x_wconf 88' lang='lat' dir='ltr'>editionis</span> <span class='ocrx_word' id='word_1_250' title='bbox 1181 3299 1408 3361; x_wconf 86' lang='lat' dir='ltr'>Heindorfianae</span> 
     </span>
     <span class='ocr_line' id='line_1_33' title="bbox 391 3381 1409 3446; baseline 0.006 -6"><span class='ocrx_word' id='word_1_251' title='bbox 391 3381 499 3441; x_wconf 88' lang='lat' dir='ltr'>Diariis</span> <span class='ocrx_word' id='word_1_252' title='bbox 527 3381 663 3440; x_wconf 87' lang='lat' dir='ltr'>Litterar.</span> <span class='ocrx_word' id='word_1_253' title='bbox 692 3382 865 3440; x_wconf 89' lang='lat' dir='ltr'>Ienensibus</span> <span class='ocrx_word' id='word_1_254' title='bbox 893 3382 963 3439; x_wconf 91' lang='lat' dir='ltr'>anni</span> <span class='ocrx_word' id='word_1_255' title='bbox 995 3387 1084 3440; x_wconf 90' lang='lat'><strong>1808.</strong></span> <span class='ocrx_word' id='word_1_256' title='bbox 1112 3384 1162 3442; x_wconf 88' lang='lat' dir='ltr'>fol.</span> <span class='ocrx_word' id='word_1_257' title='bbox 1194 3385 1262 3444; x_wconf 82' lang='lat'>176.</span> <span class='ocrx_word' id='word_1_258' title='bbox 1298 3385 1409 3446; x_wconf 79' lang='lat' dir='ltr'>inserta</span> 
     </span>
     <span class='ocr_line' id='line_1_34' title="bbox 392 3466 1408 3546; baseline 0.003 -21"><span class='ocrx_word' id='word_1_259' title='bbox 392 3487 552 3526; x_wconf 88' lang='lat' dir='ltr'>sermonem</span> <span class='ocrx_word' id='word_1_260' title='bbox 572 3467 663 3525; x_wconf 83' lang='lat' dir='ltr'>refert</span> <span class='ocrx_word' id='word_1_261' title='bbox 683 3467 720 3523; x_wconf 89' lang='lat' dir='ltr'>ad</span> <span class='ocrx_word' id='word_1_262' title='bbox 741 3466 863 3541; x_wconf 90' lang='lat' dir='ltr'>primam</span> <span class='ocrx_word' id='word_1_263' title='bbox 885 3466 1007 3541; x_wconf 90' lang='lat' dir='ltr'>Gorgiae</span> <span class='ocrx_word' id='word_1_264' title='bbox 1028 3468 1203 3541; x_wconf 87' lang='lat' dir='ltr'>legationem</span> <span class='ocrx_word' id='word_1_265' title='bbox 1225 3469 1341 3546; x_wconf 83' lang='lat' dir='ltr'>Olymp.</span> <span class='ocrx_word' id='word_1_266' title='bbox 1360 3476 1408 3528; x_wconf 84' lang='lat'>88.</span> 
     </span>
     <span class='ocr_line' id='line_1_35' title="bbox 393 3550 1409 3629; baseline 0.005 -21"><span class='ocrx_word' id='word_1_267' title='bbox 393 3571 418 3608; x_wconf 91' lang='lat' dir='ltr'>a.</span> <span class='ocrx_word' id='word_1_268' title='bbox 441 3557 470 3608; x_wconf 82' lang='lat'>2.</span> <span class='ocrx_word' id='word_1_269' title='bbox 497 3573 538 3602; x_wconf 89' lang='lat'>=</span> <span class='ocrx_word' id='word_1_270' title='bbox 567 3552 626 3608; x_wconf 82' lang='lat'>427</span> <span class='ocrx_word' id='word_1_271' title='bbox 659 3571 683 3608; x_wconf 87' lang='lat' dir='ltr'>a.</span> <span class='ocrx_word' id='word_1_272' title='bbox 711 3550 777 3608; x_wconf 85' lang='lat' dir='ltr'>Ghr.</span> <span class='ocrx_word' id='word_1_273' title='bbox 807 3572 835 3608; x_wconf 90' lang='lat' dir='ltr'>n.</span> <span class='ocrx_word' id='word_1_274' title='bbox 864 3551 947 3610; x_wconf 87' lang='lat' dir='ltr'>iussu</span> <span class='ocrx_word' id='word_1_275' title='bbox 973 3552 1196 3626; x_wconf 86' lang='lat' dir='ltr'>Leontinorum,</span> <span class='ocrx_word' id='word_1_276' title='bbox 1225 3554 1409 3629; x_wconf 88' lang='lat' dir='ltr'>popularium</span> 
     </span>
     <span class='ocr_line' id='line_1_36' title="bbox 392 3636 1409 3715; baseline 0.006 -22"><span class='ocrx_word' id='word_1_277' title='bbox 392 3656 523 3706; x_wconf 87' lang='lat' dir='ltr'>suorum,</span> <span class='ocrx_word' id='word_1_278' title='bbox 552 3636 685 3694; x_wconf 85' lang='lat' dir='ltr'>Athenas</span> <span class='ocrx_word' id='word_1_279' title='bbox 711 3641 882 3711; x_wconf 88' lang='lat' dir='ltr'>susceptam.</span> <span class='ocrx_word' id='word_1_280' title='bbox 926 3636 980 3694; x_wconf 82' lang='lat' dir='ltr'>Oui</span> <span class='ocrx_word' id='word_1_281' title='bbox 1008 3638 1169 3697; x_wconf 86' lang='lat' dir='ltr'>sententiae</span> <span class='ocrx_word' id='word_1_282' title='bbox 1198 3658 1294 3715; x_wconf 74' lang='lat' dir='ltr'>nuper</span> <span class='ocrx_word' id='word_1_283' title='bbox 1320 3640 1409 3699; x_wconf 86' lang='lat' dir='ltr'>etiam</span> 
     </span>
     <span class='ocr_line' id='line_1_37' title="bbox 394 3719 1409 3800; baseline 0.005 -22"><span class='ocrx_word' id='word_1_284' title='bbox 394 3720 615 3797; x_wconf 84' lang='lat' dir='ltr'>Sybrandus</span> <span class='ocrx_word' id='word_1_285' title='bbox 642 3720 687 3776; x_wconf 86' lang='lat' dir='ltr'>De</span> <span class='ocrx_word' id='word_1_286' title='bbox 716 3719 823 3793; x_wconf 84' lang='lat' dir='ltr'>Gorgia</span> <span class='ocrx_word' id='word_1_287' title='bbox 850 3721 925 3779; x_wconf 89' lang='lat' dir='ltr'>Plat.</span> <span class='ocrx_word' id='word_1_288' title='bbox 952 3728 1022 3796; x_wconf 87' lang='lat' dir='ltr'>p.4</span> <span class='ocrx_word' id='word_1_289' title='bbox 1050 3742 1138 3800; x_wconf 85' lang='lat' dir='ltr'>seqq,</span> <span class='ocrx_word' id='word_1_290' title='bbox 1168 3724 1409 3798; x_wconf 84' lang='lat' dir='ltr'>Voegelinus</span> 
     </span>
     <span class='ocr_line' id='line_1_38' title="bbox 393 3803 1409 3886; baseline 0.004 -23"><span class='ocrx_word' id='word_1_291' title='bbox 393 3807 459 3864; x_wconf 85' lang='lat' dir='ltr'>Act.</span> <span class='ocrx_word' id='word_1_292' title='bbox 481 3804 583 3862; x_wconf 76' lang='lat' dir='ltr'>Societ.</span> <span class='ocrx_word' id='word_1_293' title='bbox 613 3803 711 3862; x_wconf 89' lang='lat' dir='ltr'>Graec.</span> <span class='ocrx_word' id='word_1_294' title='bbox 733 3804 812 3880; x_wconf 84' lang='lat' dir='ltr'>Lips.</span> <span class='ocrx_word' id='word_1_295' title='bbox 834 3805 866 3862; x_wconf 81' lang='grc' dir='ltr'>Τ.</span> <span class='ocrx_word' id='word_1_296' title='bbox 881 3807 906 3863; x_wconf 95' lang='grc' dir='ltr'>Ι.</span> <span class='ocrx_word' id='word_1_297' title='bbox 928 3806 1010 3864; x_wconf 85' lang='lat' dir='ltr'>Fasc.</span> <span class='ocrx_word' id='word_1_298' title='bbox 1035 3808 1087 3866; x_wconf 89' lang='lat' dir='ltr'>IV.</span> <span class='ocrx_word' id='word_1_299' title='bbox 1108 3827 1137 3882; x_wconf 83' lang='lat' dir='ltr'>p.</span> <span class='ocrx_word' id='word_1_300' title='bbox 1160 3811 1221 3865; x_wconf 83' lang='lat'>234</span> <span class='ocrx_word' id='word_1_301' title='bbox 1242 3827 1323 3886; x_wconf 89' lang='lat' dir='ltr'>seqq.</span> <span class='ocrx_word' id='word_1_302' title='bbox 1346 3808 1409 3867; x_wconf 85' lang='lat' dir='ltr'>alii-</span> 
     </span>
     <span class='ocr_line' id='line_1_39' title="bbox 393 3888 1410 3967; baseline 0.007 -20"><span class='ocrx_word' id='word_1_303' title='bbox 393 3909 451 3967; x_wconf 89' lang='lat' dir='ltr'>que</span> <span class='ocrx_word' id='word_1_304' title='bbox 472 3889 515 3948; x_wconf 92' lang='lat' dir='ltr'>ita</span> <span class='ocrx_word' id='word_1_305' title='bbox 535 3888 687 3962; x_wconf 84' lang='lat' dir='ltr'>suffragati</span> <span class='ocrx_word' id='word_1_306' title='bbox 708 3895 786 3960; x_wconf 88' lang='lat' dir='ltr'>sunt,</span> <span class='ocrx_word' id='word_1_307' title='bbox 806 3895 842 3948; x_wconf 90' lang='lat' dir='ltr'>ut</span> <span class='ocrx_word' id='word_1_308' title='bbox 862 3909 927 3948; x_wconf 93' lang='lat' dir='ltr'>eam</span> <span class='ocrx_word' id='word_1_309' title='bbox 948 3893 1019 3948; x_wconf 84' lang='lat' dir='ltr'>adeo</span> <span class='ocrx_word' id='word_1_310' title='bbox 1039 3892 1158 3950; x_wconf 89' lang='lat' dir='ltr'>uberius</span> <span class='ocrx_word' id='word_1_311' title='bbox 1178 3891 1327 3951; x_wconf 86' lang='lat' dir='ltr'>illustrare</span> <span class='ocrx_word' id='word_1_312' title='bbox 1348 3900 1410 3954; x_wconf 87' lang='lat' dir='ltr'>stu-</span> 
     </span>
     <span class='ocr_line' id='line_1_40' title="bbox 392 3973 1411 4052; baseline 0.007 -21"><span class='ocrx_word' id='word_1_313' title='bbox 392 3973 516 4032; x_wconf 85' lang='lat' dir='ltr'>duerint.</span> <span class='ocrx_word' id='word_1_314' title='bbox 572 3973 635 4030; x_wconf 86' lang='lat' dir='ltr'>Nec</span> <span class='ocrx_word' id='word_1_315' title='bbox 662 3977 761 4032; x_wconf 88' lang='lat' dir='ltr'>tamen</span> <span class='ocrx_word' id='word_1_316' title='bbox 789 3992 825 4031; x_wconf 90' lang='lat' dir='ltr'>ea</span> <span class='ocrx_word' id='word_1_317' title='bbox 856 3973 931 4033; x_wconf 89' lang='lat' dir='ltr'>ratio</span> <span class='ocrx_word' id='word_1_318' title='bbox 966 3976 1052 4051; x_wconf 88' lang='lat' dir='ltr'>plane</span> <span class='ocrx_word' id='word_1_319' title='bbox 1080 3978 1202 4052; x_wconf 86' lang='lat' dir='ltr'>probata</span> <span class='ocrx_word' id='word_1_320' title='bbox 1229 3983 1275 4036; x_wconf 90' lang='lat' dir='ltr'>est</span> <span class='ocrx_word' id='word_1_321' title='bbox 1302 3977 1411 4038; x_wconf 87' lang='lat' dir='ltr'>criticis</span> 
     </span>
     <span class='ocr_line' id='line_1_41' title="bbox 392 4058 1410 4138; baseline 0.006 -22"><span class='ocrx_word' id='word_1_322' title='bbox 392 4058 607 4121; x_wconf 80' lang='lat' dir='ltr'>recentioribus.</span> <span class='ocrx_word' id='word_1_323' title='bbox 650 4058 726 4116; x_wconf 89' lang='lat' dir='ltr'>Nam</span> <span class='ocrx_word' id='word_1_324' title='bbox 748 4058 824 4116; x_wconf 80' lang='lat' dir='ltr'>Car.</span> <span class='ocrx_word' id='word_1_325' title='bbox 847 4059 965 4137; x_wconf 89' lang='lat' dir='ltr'>quidem</span> <span class='ocrx_word' id='word_1_326' title='bbox 986 4061 1240 4120; x_wconf 81' lang='lat' dir='ltr'>Steinhartus</span> <span class='ocrx_word' id='word_1_327' title='bbox 1261 4082 1357 4138; x_wconf 89' lang='lat' dir='ltr'>nuper</span> <span class='ocrx_word' id='word_1_328' title='bbox 1377 4063 1410 4122; x_wconf 93' lang='lat' dir='ltr'>in</span> 
     </span>
     <span class='ocr_line' id='line_1_42' title="bbox 391 4142 1410 4218; baseline 0.006 -17"><span class='ocrx_word' id='word_1_329' title='bbox 391 4144 521 4217; x_wconf 88' lang='lat' dir='ltr'>Prolegg.</span> <span class='ocrx_word' id='word_1_330' title='bbox 542 4142 776 4217; x_wconf 87' lang='lat' dir='ltr'>interpretationi</span> <span class='ocrx_word' id='word_1_331' title='bbox 804 4143 877 4218; x_wconf 92' lang='lat' dir='ltr'>Opp.</span> <span class='ocrx_word' id='word_1_332' title='bbox 899 4145 973 4202; x_wconf 89' lang='lat' dir='ltr'>Plat.</span> <span class='ocrx_word' id='word_1_333' title='bbox 995 4144 1181 4204; x_wconf 79' lang='lat' dir='ltr'>Germanicae</span> <span class='ocrx_word' id='word_1_334' title='bbox 1203 4148 1240 4204; x_wconf 88' lang='lat' dir='ltr'>ab</span> <span class='ocrx_word' id='word_1_335' title='bbox 1261 4146 1410 4207; x_wconf 82' lang='lat' dir='ltr'>Hieron.</span> 
     </span>
     <span class='ocr_line' id='line_1_43' title="bbox 391 4227 1411 4306; baseline 0.007 -22"><span class='ocrx_word' id='word_1_336' title='bbox 391 4228 559 4285; x_wconf 77' lang='lat' dir='ltr'>Miillero</span> <span class='ocrx_word' id='word_1_337' title='bbox 586 4227 679 4285; x_wconf 86' lang='lat' dir='ltr'>factae</span> <span class='ocrx_word' id='word_1_338' title='bbox 700 4227 865 4303; x_wconf 85' lang='lat' dir='ltr'>praemissis</span> <span class='ocrx_word' id='word_1_339' title='bbox 886 4229 950 4286; x_wconf 84' lang='lat' dir='ltr'>Vol.</span> <span class='ocrx_word' id='word_1_340' title='bbox 972 4230 1013 4286; x_wconf 89' lang='lat' dir='ltr'>H.</span> <span class='ocrx_word' id='word_1_341' title='bbox 1039 4252 1067 4306; x_wconf 92' lang='lat' dir='ltr'>p.</span> <span class='ocrx_word' id='word_1_342' title='bbox 1091 4235 1177 4302; x_wconf 62' lang='lat'>393„</span> <span class='ocrx_word' id='word_1_343' title='bbox 1207 4230 1264 4288; x_wconf 88' lang='lat' dir='ltr'>etsi</span> <span class='ocrx_word' id='word_1_344' title='bbox 1292 4232 1411 4291; x_wconf 88' lang='lat' dir='ltr'>omnino</span> 
     </span>
     <span class='ocr_line' id='line_1_44' title="bbox 392 4309 1411 4389; baseline 0.009 -21"><span class='ocrx_word' id='word_1_345' title='bbox 392 4313 427 4368; x_wconf 91' lang='lat' dir='ltr'>de</span> <span class='ocrx_word' id='word_1_346' title='bbox 448 4312 540 4387; x_wconf 90' lang='lat' dir='ltr'>primo</span> <span class='ocrx_word' id='word_1_347' title='bbox 561 4312 611 4370; x_wconf 91' lang='lat' dir='ltr'>illo</span> <span class='ocrx_word' id='word_1_348' title='bbox 626 4312 749 4386; x_wconf 79' lang='lat' dir='ltr'>Gorgiae</span> <span class='ocrx_word' id='word_1_349' title='bbox 770 4313 801 4369; x_wconf 92' lang='lat' dir='ltr'>in</span> <span class='ocrx_word' id='word_1_350' title='bbox 817 4309 967 4371; x_wconf 88' lang='lat' dir='ltr'>Graeciam</span> <span class='ocrx_word' id='word_1_351' title='bbox 989 4315 1118 4374; x_wconf 74' lang='lat' dir='ltr'>adventu</span> <span class='ocrx_word' id='word_1_352' title='bbox 1140 4315 1327 4389; x_wconf 91' lang='lat' dir='ltr'>cogitandum</span> <span class='ocrx_word' id='word_1_353' title='bbox 1346 4337 1411 4376; x_wconf 89' lang='lat' dir='ltr'>esse</span> 
     </span>
    </p>
   </div>
   <div class='ocr_carea' id='block_1_3' title="bbox 392 4395 1411 4486">
    <p class='ocr_par' dir='ltr' id='par_1_4' title="bbox 392 4395 1411 4486">
     <span class='ocr_line' id='line_1_45' title="bbox 392 4395 1411 4486; baseline 0.011 -34"><span class='ocrx_word' id='word_1_354' title='bbox 392 4395 526 4470; x_wconf 87' lang='lat' dir='ltr'>largitur,</span> <span class='ocrx_word' id='word_1_355' title='bbox 555 4403 653 4459; x_wconf 86' lang='lat' dir='ltr'>tamen</span> <span class='ocrx_word' id='word_1_356' title='bbox 681 4397 744 4457; x_wconf 88' lang='lat' dir='ltr'>fieri</span> <span class='ocrx_word' id='word_1_357' title='bbox 772 4398 844 4458; x_wconf 90' lang='lat' dir='ltr'>item</span> <span class='ocrx_word' id='word_1_358' title='bbox 869 4418 953 4475; x_wconf 86' lang='lat' dir='ltr'>posse</span> <span class='ocrx_word' id='word_1_359' title='bbox 974 4401 1102 4480; x_wconf 87' lang='lat' dir='ltr'>censuit,</span> <span class='ocrx_word' id='word_1_360' title='bbox 1131 4405 1166 4471; x_wconf 89' lang='lat' dir='ltr'>ut</span> <span class='ocrx_word' id='word_1_361' title='bbox 1186 4400 1411 4486; x_wconf 81' lang='lat' dir='ltr'>intelligendum</span> 
     </span>
    </p>
   </div>
   <div class='ocr_carea' id='block_1_4' title="bbox 0 0 1636 5259">
    <p class='ocr_par' dir='ltr' id='par_1_5' title="bbox 0 0 1636 5259">
     <span class='ocr_line' id='line_1_46' title="bbox 0 0 1636 5259; baseline 0 0"><span class='ocrx_word' id='word_1_362' title='bbox 0 0 1636 5259; x_wconf 95' lang='lat' dir='ltr'> </span> 
     </span>
    </p>
   </div>
  </div>
 </body>
</html>
