3242 5259
542 411 545 417 '
585 428 597 470 1

543 610 599 666 AD
621 609 804 668 coaciam
825 609 1030 669 PLArouIs
1260 613 1297 667 ³1

281 779 421 850 habeam,
449 777 480 834 id
502 797 615 854 semper
634 778 707 835 mihi
729 779 873 852 agendum
893 778 1034 849 iudicavi,
1064 783 1099 836 ut
1119 779 1156 835 ad
1177 777 1300 837 iudicem
1374 852 1377 857 β

279 865 399 924 veniam
420 863 517 920 animo
539 883 626 941 quam
641 863 792 921 sanissimo
813 864 971 939 praeditus,
994 883 1027 921 ac
1048 868 1078 921 te
1096 881 1213 940 quoque
1234 865 1301 921 hor-

279 955 340 1020 tor,
371 953 408 1007 ut
429 948 526 1006 missis
546 951 633 1007 rebus
654 948 790 1006 inanibus
818 955 849 1006 te
876 953 988 1007 castum
1008 968 1172 1026 purumque
1192 967 1299 1007 serves.

279 1033 425 1111 Alioquin
453 1034 546 1104 enim,
575 1033 626 1092 ubi
649 1035 684 1090 ad
707 1033 817 1091 iudices
838 1033 997 1091 inferorum
1017 1034 1145 1104 veneris,
1176 1034 1299 1108 ringeris

277 1120 405 1178 fortasse
427 1123 457 1176 et
478 1118 636 1176 haesitabis
658 1124 688 1176 et
709 1119 793 1193 inops
822 1119 933 1175 consilii
954 1118 1011 1176 cris
1040 1125 1070 1178 et
1100 1138 1300 1176 1111111111-

279 1203 404 1264 tumelia
426 1202 569 1260 afficieris.
592 1205 624 1260 P.
650 1208 719 1261 526.
741 1204 772 1261 O.
794 1235 837 1244 -
864 1205 933 1261 527.
955 1206 991 1262 A.

344 1287 447 1351 Quum
467 1288 557 1362 igitur
570 1287 718 1346 meliorem
733 1287 852 1347 vivendi
865 1288 1014 1360 rationem,
1037 1308 1125 1366 quam
1143 1290 1215 1346 haec
1235 1308 1300 1346 mea

235 1447 236 1452 ἵ
278 1379 334 1444 111,
356 1373 485 1431 indicare
508 1393 567 1430 non
589 1372 742 1448 potueritis
768 1392 928 1451 verumque
950 1394 1013 1431 esse
1035 1372 1202 1449 apparuerit
1224 1375 1299 1450 quod

278 1461 370 1534 supra
391 1458 529 1528 dicebam,
552 1460 714 1523 cavendum
733 1477 795 1516 esse
818 1458 909 1531 magis
930 1458 1068 1515 iniuriam
1090 1478 1127 1515 ne
1151 1458 1299 1531 faciamus,

278 1563 370 1622 quam
392 1563 429 1600 ne
444 1543 630 1618 accipiamus,
652 1543 774 1620 ideoque
795 1543 959 1600 rhetoricen
974 1563 1087 1619 semper
1107 1543 1178 1602 iusti
1198 1562 1300 1600 caussa

278 1628 478 1690 adhibendam
498 1626 613 1701 essei),
637 1628 728 1700 agite,
751 1627 823 1684 mihi
845 1629 1041 1704 obtemperate
1071 1647 1174 1705 meque
1204 1629 1299 1705 sequi·

278 1713 353 1770 mini
375 1712 453 1784 illuc,
475 1732 533 1790 quo
554 1713 675 1789 profecti
697 1713 775 1770 beati
797 1710 888 1784 eritis,
909 1718 971 1771 tam
992 1713 1054 1774 vivi
1075 1733 1163 1790 quam
1184 1714 1298 1770 mortui.

278 1799 357 1854 Nam
387 1797 439 1875 qui
466 1798 585 1857 virtutis
614 1803 659 1856 111
686 1797 848 1868 studiosus,
879 1798 904 1854 is
932 1798 1006 1854 nihil
1033 1798 1145 1872 indigni
1170 1817 1300 1875 unquam

255 1883 423 1958 patietur,
452 1883 567 1941 etiamsi
588 1884 625 1940 ab
646 1881 815 1951 hominibus,
832 1882 970 1958 improbis
992 1903 1104 1940 summa
1126 1883 1301 1940 contumelia

279 1968 435 2026 afficiatur.
476 1967 535 2026 Ubi
555 1987 624 2026 vero
646 1969 682 2025 ad
702 1967 910 2042 rempublicam
931 1967 1055 2027 velimus
1077 1970 1219 2037 accedere,
1241 1987 1300 2024 non

278 2052 361 2128 prius
379 2054 439 2133 Ι1111
459 2052 613 2125 faciemus,
643 2071 746 2129 quam,
775 2052 879 2129 ecquid
899 2052 958 2110 iam
979 2053 1011 2110 11
1031 2053 1143 2113 virtute
1172 2053 1299 2129 profece-

277 2138 380 2208 rimus,
402 2137 587 2213 exploratum
607 2138 774 2195 habeamus.
818 2138 915 2212 Turpe
944 2143 989 2195 est
1010 2138 1087 2196 enim
1113 2138 1298 2208 nescientem,

255 2220 350 2301 'quid
372 2224 481 2280 bonum
502 2222 549 2294 sit,
571 2223 641 2300 quid
663 2221 752 2293 utile,
776 2222 848 2299 quid
869 2222 1033 2295 honestum,
1057 2222 1178 2280 eliorum
1200 2243 1247 2280 111
1270 2227 1301 2280 11

279 2307 399 2381 negotia
419 2327 520 2366 curare
541 2308 626 2367 velle.
669 2307 803 2384 Denique
824 2308 879 2364 hoc
900 2313 1065 2378 teneamus,
1095 2307 1234 2383 optimam
1254 2307 1299 2367 vi-

280 2393 372 2451 vendi
384 2393 568 2450 rationemin
588 2412 622 2450 eo
644 2391 730 2462 cerni,
751 2395 786 2450 ut
799 2393 1016 2467 temperantiae,
1037 2392 1168 2450 iustitiae
1182 2392 1299 2450 ceteris-

280 2496 338 2554 que
352 2477 511 2537 virtutibus
524 2478 613 2537 dediti
628 2482 658 2536 et
672 2476 805 2536 vivamus
818 2482 849 2534 et
862 2479 1026 2535 moriamur.
1049 2478 1081 2534 Ρ.
1093 2478 1161 2534 527.
1169 2480 1205 2534 A.
1218 2509 1253 2516 —-
1263 2478 1297 2533 Ε.

346 2749 397 2823 ΙΙ.
434 2726 629 2850 Expositio
656 2752 837 2852 propositi
863 2764 899 2824 et
926 2750 1072 2825 consilii
1099 2750 1230 2850 operis.

341 2905 410 2962 Hoc
429 2905 520 2979 igitur
540 2906 607 2964 libri
629 2913 834 2982 argumentum
855 2912 914 2979 est3
938 2927 996 2986 quo
1010 2912 1144 2966 enarrate
1158 2907 1297 2986 sequitur,

281 2996 320 3067 ut,
343 2990 416 3068 quid
427 2990 512 3049 Plato
534 2991 565 3048 in
586 3012 619 3049 eo
631 2992 781 3051 scribendo
797 2992 980 3068 spectaverit,
1002 2993 1131 3053 breviter
1152 2992 1298 3068 explican-

281 3076 350 3132 dum
364 3075 412 3133 sit.
434 3076 484 3135 De¹
493 3095 589 3153 quare
603 3097 779 3155 quamquam
793 3080 831 3135 ab
845 3078 910 3135 aliis
917 3077 1003 3136 aliter
1015 3082 1060 3136 est
1074 3078 1233 3135 iudicatum
1239 3075 1298 3150 Ἡ),

280 3165 386 3232 tamen,
402 3160 454 3218 ubi
469 3161 595 3236 primum
609 3162 763 3237 diligenter
778 3155 995 3235 attenderimus,
1008 3161 1079 3240 quid
1093 3164 1211 3221 tandem
1225 3162 1298 3220 illud

281 3245 325 3317 sit,
348 3247 385 3303 de
407 3264 465 3323 quo
487 3251 604 3320 agatur,
628 3267 661 3304 ac
682 3247 786 3306 deinde
808 3268 923 3305 omnem
946 3247 1151 3323 disputationis
1171 3247 1232 3307 vim
1255 3251 1298 3305 at-

281 3349 336 3407 que
358 3329 471 3406 copiam
491 3332 597 3391 mentis
618 3332 792 3406 cogitatione
811 3333 894 3393 velut
914 3333 946 3389 11
967 3353 1058 3390 unum
1072 3332 1215 3408 complexi
1234 3332 1299 3389 fue-

280 3415 379 3494 rimus,
400 3415 465 3472 fieri
480 3417 685 3492 certepoterit,
699 3423 747 3489 ut,
773 3419 842 3496 quid
863 3418 1035 3493 philosopho
1053 3422 1202 3493 tamquam
1222 3436 1299 3473 sum-

282 3519 361 3556 mum
381 3504 471 3579 atque
491 3501 641 3573 ultimum,
669 3504 705 3560 ad
726 3505 803 3581 quod
825 3523 923 3560 omnes
945 3523 979 3560 ac
1006 3502 1138 3576 singulae
1160 3501 1299 3559 sermonis

280 3589 376 3660 partes
397 3585 572 3660 referuntur,
593 3587 774 3664 propositum
794 3587 897 3660 fuerit,
926 3587 1113 3664 probabiliter
1134 3585 1298 3645 definiatur,

327 3825 552 3906 *1811111111111
577 3825 695 3907 Phaedro
717 3827 860 3876 rhetoricae
881 3825 909 3876 id
931 3827 1091 3892 propositum
1113 3843 1169 3878 esse
1192 3827 1299 3877 docetur

281 3894 754 4024 opoioeihmlliiiifiidsviiiatilosdhiuiirri·
767 3892 878 4026 iitiqtii
896 3910 981 4012 {iiiia
1010 3979 1088 4026 quam
1111 3963 1298 4021 recentioribus

279 4029 440 4095 temporibus
458 4028 649 4092 dubitaverunt,
669 4031 732 4094 quid
748 4030 853 4080 tandem
864 4029 1018 4095 philosopho
1032 4031 1059 4079 in
1077 4047 1108 4080 eo
1120 4029 1299 4095 consignando

278 4104 413 4163 tamquam
429 4097 551 4147 ultimum
564 4105 640 4162 atque
653 4113 782 4148 summum
795 4098 874 4149 fuerit
890 4099 1057 4163 propositum.
1082 4099 1149 4149 Nam
1163 4098 1209 4149 ubi
1221 4114 1299 4162 quae-

277 4168 359 4216 rimus
377 4165 409 4216 de
427 4172 544 4215 veterum
561 4168 710 4216 criticorum
727 4167 776 4216 hac
793 4168 822 4216 11
839 4183 934 4216 caussa
950 4165 1064 4228 iudiciis,
1081 4173 1239 4231 quantopere
1256 4167 1298 4217 1111

277 4250 307 4284 ea
325 4234 358 4284 de
376 4251 405 4284 re
421 4235 491 4284 inter
508 4251 536 4283 se
553 4235 772 4296 discordaverint,
794 4236 938 4285 certissime
961 4239 1069 4283 testatur
1087 4234 1297 4299 Olympiodorus.

277 4304 301 4352 11
331 4304 402 4352 enim
426 4304 455 4352 iu
478 4302 606 4367 principio
632 4304 872 4353 commentariorum
898 4304 926 4350 in
950 4303 1074 4365 Gorgiam
1097 4304 1299 4367 compositorum

277 4370 342 4422 haec
361 4371 491 4436 exposuit.
527 4366 560 4420 ‘O
579 4369 608 4420 δὲ
627 4366 737 4428 uuerde,
756 4371 854 4435 inquit,
872 4367 945 4420 ἄλλος
963 4366 1046 4420 cilicas
1065 4369 1158 4433 ἔδοξεν
1175 4364 1252 4422 εἶναι.
1271 4372 1299 4421 οἱ

275 4439 324 4500 μὲν
341 4435 394 4507 γάρ
415 4454 512 4502 φασιν,
537 4435 574 4488 ὅτι
593 4434 689 4491 σκοπὸς
711 4435 782 4506 αὐτῷ
805 4439 867 4504 περὶ
887 4434 1025 4504 ῥητορικῆς
1048 4436 1229 4508 διαλεχθῆναι,
1255 4442 1297 4491 καὶ
