3242 5259
356 617 417 672 212
773 609 970 670 PLA'I'ONIS

358 775 497 853 δοξάζει,
528 766 613 836 ταῦτ’
642 773 703 854 ἤδη
725 769 809 835 ἐστὶν
831 770 912 834 αὐτὰ
931 771 1067 853 τάληθῆ.
1087 767 1194 833 ’ἐννοῶ
1213 768 1295 852 γὰρ,
1324 768 1369 833 ὅτι

273 883 334 946 487
358 874 416 938 τὸν
444 870 600 954 μέλλοντα
629 872 796 951 βασανιεῖν
825 870 943 943 ἱκανῶς
971 877 1076 951 ψυχης
1102 867 1175 950 πέρι
1204 867 1316 948 ὀρθῶς
1340 889 1369 930 τι

359 973 459 1053 ζώσης
488 968 541 1033 καὶ
568 967 612 1050 μὴ
641 968 713 1048 τρία
742 971 805 1051 ἄρα
833 968 883 1031 δεῖ
910 964 1008 1048 ἔχειν,
1041 969 1061 1027 a
1089 965 1130 1028 ct
1158 965 1266 1028 ποίντα
1287 961 1369 1047 ἔχεις,

360 1067 535 1150 ἐπιστήμην
562 1087 594 1130 τε
623 1066 675 1130 καί
697 1070 828 1130 εὔνοιαν
848 1065 901 1128 καὶ
921 1063 1110 1145 παρρησίαν.
1132 1061 1195 1145 ἐγὼ
1215 1063 1280 1145 γὰρ
1300 1067 1369 1126 πολ-

359 1171 427 1240 λοῖς
454 1164 654 1246 ἐντυγχάνω,
687 1166 718 1227 οἳ
747 1162 798 1246 ἐμὲ
821 1165 879 1245 οὐχ
900 1156 964 1226 οίοί
985 1183 1017 1225 τε
1039 1160 1099 1225 εἰσὶ
1118 1163 1304 1242 βασανίζειν
1323 1161 1370 1224 διδ

359 1266 396 1327 τδ
416 1260 460 1346 μη
478 1261 575 1344 σοφοὶ
591 1257 683 1340 εἶναι,
705 1257 808 1341 ῶςπερ
830 1262 886 1324 σύ·
909 1258 1009 1342 ἕτεροι
1029 1259 1063 1323 δὲ
1084 1258 1180 1342 σοφοί
1202 1258 1263 1341 μέν
1285 1261 1370 1332 εἰσιν.

360 1364 420 1426 οὐκ
443 1359 592 1424 ἐθέλουσι
613 1357 646 1423 δέ
667 1384 720 1441 μοι
744 1358 846 1441 λέγειν
866 1358 927 1439 την
946 1359 1103 1441 οίλήθειαν
1124 1357 1177 1420 διὰ
1198 1360 1236 1421 τδ
1257 1358 1302 1440 μὴ
1323 1361 1369 1440 κή-

360 1460 474 1523 δεσθαί
500 1482 580 1540 μον,
609 1452 712 1538 ὥςπερ
741 1458 800 1521 σύ·
829 1456 873 1520 τὼ
894 1454 928 1519 δὲ
948 1455 1027 1533 ξένω
1048 1455 1148 1533 τῶδε,
1180 1457 1324 1537 Γοργίας
1342 1477 1371 1518 τι

309 1565 338 1629 Β
360 1556 414 1621 καὶ
438 1559 569 1632 Πῶλος,
597 1557 690 1637 σοφὼ
710 1555 770 1637 μὲν
790 1552 845 1617 καὶ
865 1555 948 1636 φίλω
970 1553 1062 1617 ἐστὸν
1084 1551 1159 1635 ipsi,
1188 1542 1372 1633 ἐνδεεστέρα

362 1653 396 1718 δὲ
423 1653 602 1736 παρρησίας
628 1651 682 1717 καὶ
708 1649 983 1736 αἰσχυντηροτέρω
1003 1654 1126 1733 μᾶλλον
1146 1660 1206 1715 τοῦ
1228 1649 1371 1725 δέοντος·

361 1756 429 1826 πῶς
448 1750 510 1833 γὰρ
532 1755 588 1825 οὕς
618 1745 643 1812 o‘i
671 1772 706 1829 γε
735 1751 778 1824 είς
804 1760 962 1813 τοσοῦτον
990 1750 1142 1831 αἰσχύνης
1163 1747 1371 1832 έληλύθατον.

363 1845 440 1924 ῶςτε
466 1849 518 1912 διὰ
546 1849 583 1912 τὸ
611 1848 821 1930 αἰσχύνεσθαι
849 1853 950 1932 τολμᾷ
981 1843 1128 1926 ἑκάτερος
1150 1848 1260 1911 αὐτῶν
1282 1848 1373 1921 αὐτὸς

363 1949 449 2027 αὐτῷ
477 1946 607 2010 ἐναντία
637 1945 739 2028 λέγειν
766 1943 914 2010 ἐναντίον
940 1949 1068 2008 πολλῶν
1086 1939 1295 2027 ἀνθρώπων,
1324 1943 1372 2008 καὶ

413 2133 442 2181 Ρ.
459 2128 517 2181 487.
555 2126 737 2196 ἐπιστήμην
755 2130 855 2179 τεκαὶ
875 2125 1028 2199 εὔνοιαν]
1048 2130 1097 2179 Pro
1107 2125 1219 2180 εὔνοιαν
1229 2137 1294 2181 vett.
1307 2132 1371 2181 editt

364 2196 457 2262 δόξαν,
488 2197 557 2263 quod
582 2198 677 2248 falsum
709 2214 765 2247 esse
793 2197 913 2262 proxima
941 2197 1017 2248 docet
1040 2199 1241 2263 argumentatio.
1282 2199 1372 2249 Verum

311 2314 313 2319 .
362 2267 488 2331 praebent
513 2266 586 2315 codd.
612 2267 665 2315 fere
691 2281 797 2327 omnos;
824 2265 892 2316 Flor.
915 2266 934 2314 i.
957 2281 977 2314 s.
1010 2265 1089 2315 vind:
1112 2263 1137 2316 2.
1164 2266 1231 2316 Ven.
1258 2265 1290 2316 Σ.
1314 2283 1371 2318 corr.

363 2331 444 2397 δόξαν
460 2335 565 2384 habent.

414 2437 444 2486 B.
479 2437 531 2486 καλ
550 2433 623 2495 έμολ
643 2427 692 2499 εί]
712 2434 798 2499 έμοιγε
816 2432 893 2482 Viud.
910 2431 934 2484 6.
957 2429 1035 2500 ἔμοιγ’
1054 2433 1131 2484 Vind.
1149 2402 1180 2486 7.Ι

415 2540 482 2586 τίνι
512 2539 676 2601 τεκμηρίῳ
705 2540 846 2599 χρῶμαι;
882 2533 943 2602 aya
972 2549 1023 2585 σοι
1052 2533 1131 2602 ἐρῶ]
1164 2536 1245 2587 vind.
1268 2538 1293 2590 6.
1320 2541 1372 2589 Par.

364 2606 406 2655 W.
424 2621 474 2654 reo.
498 2608 547 2654 τίνι
569 2603 599 2653 δὲ
617 2620 683 2663 resp.
700 2620 739 2667 χρ.
776 2603 827 2652 Sed
850 2605 878 2650 in
901 2604 949 2652 hac
972 2604 1097 2653 orationis
1119 2603 1255 2656 alacritate
1273 2608 1374 2657 coniun-

365 2674 474 2722 ctionem
505 2671 631 2721 eiusmodi
654 2687 706 2720 non
730 2671 924 2720 desideraveris.
966 2672 1029 2721 Post
1052 2675 1152 2736 χρῶμαι
1176 2688 1236 2724 cum
1260 2675 1374 2725 Bekkero

365 2742 468 2805 signum
480 2740 690 2803 interrogationis
703 2740 730 2787 in
745 2739 832 2808 Iocum
845 2735 1003 2805 ὑποοτιημῆο
1020 2741 1210 2791 substituimus.
1245 2743 1287 2792 De
1304 2746 1374 2793 inter·

364 2808 498 2872 rogatione
529 2807 654 2855 sermonis
685 2807 817 2856 animandi
845 2821 938 2857 caussa
965 2807 1065 2857 mediae
1091 2810 1205 2858 orationi
1225 2811 1374 2877 interposita

365 2874 478 2924 diximus
501 2873 534 2923 ad
552 2875 670 2937 Sympos.
688 2890 710 2922 c.
728 2872 752 2923 6.
774 2881 800 2924 ct
820 2890 898 2938 snpra
915 2890 940 2939 p.
957 2872 1016 2927 453.
1035 2875 1064 2925 C.
1098 2877 1252 2928 Formulam
1270 2877 1322 2944 έγοί
1338 2895 1373 2928 σοι

366 2942 419 3005 δρῶ
442 2942 480 2991 sic
503 2940 584 2991 solere
607 2940 730 3006 subiungi
752 2941 999 3008 interrogationibus
1021 2942 1230 2995 demonstrarunt
1254 2945 1374 3012 exemplis

399 3135 427 3183 P.
440 3131 498 3184 487.
518 3136 590 3197 τρία
604 3129 666 3197 ἄρα
681 3134 734 3183 δεῖ
748 3133 843 3200 ἔχειν]
896 3136 933 3185 sic
943 3136 1074 3201 interponi
1086 3135 1169 3187 solere
1180 3137 1270 3190 docuit
1280 3147 1374 3206 practer

365 3202 521 3252 Ficinus:
551 3203 615 3252 tria
638 3203 845 3267 potissimum
896 3204 1121 3255 Hemsterhus.
1139 3205 1373 3258 adhaerentia

365 3269 494 3320 habere.
513 3270 660 3334 Aptissima.
680 3269 746 3320 Vide
758 3272 847 3336 igitur,
898 3269 955 3334 §.2
978 3272 1154 3323 Heindorf.
1172 3273 1250 3336 adh.
1268 3275 1285 3326 t.
1311 3277 1375 3326 Itun-

365 3353 428 3387 num
456 3334 590 3398 μάλιστα
616 3354 662 3403 pro
686 3334 750 3401 ἄρα
773 3354 846 3403 repo·
897 3340 954 3389 dem
980 3355 1056 3389 usum
1082 3340 1211 3391 formulae
1235 3348 1290 3397 nois
1313 3341 1373 3410 γάρ’

365 3406 479 3455 nendum
500 3407 540 3459 sit.
896 3407 1039 3459 illustravit
1069 3408 1226 3460 Gataker.
1257 3413 1297 3461 De
1320 3411 1373 3463 stilo

399 3467 845 3537 Β.ένδοεοιε’ροιδὲπαρ’ῥη-
897 3477 928 3526 N.
949 3476 979 3524 Τ.
1004 3492 1029 3540 p.
1048 3473 1087 3526 73.
1123 3478 1373 3531 Valoh.enar.ad

367 3546 440 3592 σίας
461 3539 509 3606 -]
544 3542 623 3591 Notat
655 3540 771 3591 Calliclis
800 3542 846 3589 im·
896 3529 1072 3594 Phoenissis.
1092 3542 1166 3598 1614.
1194 3547 1241 3596 Sic
1259 3552 1314 3601 acie
1329 3543 1373 3612 γὰρ

364 3608 527 3673 parientiam,
551 3624 602 3672 qua
624 3614 701 3659 antea
718 3609 745 3657 in
763 3608 847 3673 philo·
897 3607 944 3670 oia·
962 3627 1039 3676 saepe
1048 3611 1115 3661 dixit
1129 3613 1374 3676 Demosthenes,

364 3677 460 3741 sophos
492 3681 567 3739 atque
598 3676 682 3740 ipsum
714 3677 846 3726 Socratem
896 3685 925 3728 ut
950 3680 990 3728 De
1015 3679 1108 3730 Corou.
1132 3696 1157 3745 p.
1181 3680 1243 3733 2⁷4.
1265 3674 1323 3735 325.
1344 3683 1374 3733 al.

364 3745 540 3794 invehebatur.
575 3743 661 3793 Verba
683 3746 779 3804 μᾶλλον
801 3749 846 3793 τοῦ
896 3747 935 3797 ed.
953 3747 1041 3797 Reish.
1235 3753 1241 3773 “

365 3810 471 3863 δέοντος
504 3810 633 3861 adduntur
663 3813 845 3875 comparativis
930 3811 1011 3866 ciete
1052 3812 1106 3864 διὰ
1148 3814 1182 3865 ιδ
1224 3812 1405 3883 αἰσχίιἐ·’

364 3880 516 3944 epexegesis
525 3879 616 3944 gratia.
644 3878 846 3929 Similiterinfra
899 3884 976 3932 σθαι
998 3881 1045 3948 -]
1068 3881 1144 3932 Ridet
1166 3881 1248 3936 verba
1265 3887 1374 3937 Oaiiiclis

364 3963 388 4011 p.
412 3945 470 3997 487.
495 3947 533 3995 D:
572 3944 638 4010 πέρα
666 3952 711 3995 τοῦ
740 3945 846 3998 δέοντος
895 3966 920 4015 p.
934 3948 992 4000 482.
1011 3952 1044 3999 D.
1061 3951 1091 3999 E.

365 4013 846 4146 tttttttttttt.ttttttit:
899 4017 1372 4151 ..⁶1'‘ts.{.t.t.⁰.t‘.t‡.tttttt

366 4147 635 4214 demptusiusto.
667 4151 739 4199 Bona
758 4150 845 4198 estde
896 4169 920 4218 p.
938 4151 996 4203 485.
1014 4155 1050 4202 A:
1075 4151 1142 4203 ὅσον
1154 4155 1280 4217 Ῠπαιδείαν
1296 4155 1371 4221 χάριν.

365 4215 415 4264 hac
432 4233 459 4266 re
477 4216 634 4266 Herbstii
653 4216 794 4282 disputatio
812 4218 846 4267 ad
896 4222 1013 4270 utctiarn
1025 4237 1058 4270 ex
1070 4221 1190 4272 hocloco
1208 4231 1298 4290 pateat
1313 4222 1369 4274 mhil

365 4282 482 4349 Xenoph.
497 4285 583 4349 Symp.
603 4286 622 4337 Ι.
645 4287 668 4346 ἓ.
686 4283 710 4335 4.
729 4286 794 4335 conf.
813 4286 846 4335 ad
897 4287 934 4336 ibi
951 4289 1132 4354 corrigendum
1150 4306 1217 4342 esse.
1294 4314 1299 4322 ·

366 4349 443 4414 Hipp.
461 4353 522 4401 Mai.
534 4367 558 4416 p.
570 4351 628 4403 285.
639 4353 668 4402 B.
697 4353 845 4403 Formulam
931 4355 959 4404 C.
994 4357 1192 4422 Τίσανδρον
1216 4359 1272 4410 adv
1294 4355 1369 4421 ’ripr-

366 4420 419 4468 πῶς
442 4417 492 4483 γὰρ
516 4419 563 4478 οἴη
595 4419 709 4489 reliquae
734 4423 845 4471 orationi
898 4421 1015 4472 δναῖον
1032 4421 1258 4490 -ῙἊφιδναιολ
1275 4425 1370 4489 Χολαρ·
