3242 5259
561 592 616 649 AD
638 591 822 652 GORGIAM
841 593 1045 652 PLATONIS.
1272 604 1312 656 23

294 763 370 820 bona
395 760 443 819 sit
473 763 505 832 P.
528 765 598 820 494.
622 763 651 820 O.
675 794 717 805 -—
739 768 809 821 495.
836 762 908 837 B.*)
958 764 1092 839 Negante
1119 770 1218 824 autem
1246 767 1311 826 Gal-

290 847 356 904 licle
387 846 550 904 iucundum
579 866 596 904 a
627 849 699 906 bono
729 867 792 906 esse
814 849 974 919 diversum,
1004 851 1068 924 Age
1089 852 1172 924 dum,
1202 851 1308 929 inquit,

289 951 352 990 rem
380 931 569 1009 exquiramus
604 933 774 991 accuratius.
831 934 959 993 Scientia
985 934 1075 1009 igitur
1111 943 1141 994 et
1166 937 1307 996 fortitudo

290 1016 422 1074 omnium
443 1016 549 1074 iudicio
570 1019 663 1076 bonae
691 1018 832 1092 sunam),
862 1021 912 1077 sed
942 1021 1057 1077 easdem
1084 1020 1224 1079 iucundas
1246 1041 1309 1082 esse

289 1121 349 1160 non
378 1107 479 1159 omnes
509 1119 600 1180 aeque
628 1103 800 1177 largiuntur.
850 1105 965 1161 Bonum
997 1104 1088 1178 igitur
1115 1105 1140 1163 si
1167 1106 1244 1163 idem
1272 1107 1312 1166 sit

290 1191 381 1264 atque
401 1186 576 1258 iucundum,
605 1187 738 1265 sequitur
764 1188 914 1247 scientiam
942 1194 972 1247 et
991 1190 1194 1248 fortibrdinem
1222 1190 1310 1249 simul

289 1291 354 1330 esse
378 1276 409 1330 et
430 1274 521 1330 bonas
550 1277 581 1330 et
600 1291 660 1330 non
681 1275 785 1344 bonas,
816 1274 952 1350 quoniam
980 1293 1039 1331 non
1066 1275 1137 1333 item
1164 1275 1308 1335 iucundae

288 1361 367 1415 sunt.
412 1355 498 1418 Quod
520 1362 597 1415 certe
618 1357 681 1415 fieri
703 1357 814 1435 nequit.
857 1359 935 1432 Ergo
961 1360 1070 1416 bonum
1098 1366 1129 1419 et
1148 1359 1308 1418 iucundum

287 1461 348 1498 non
377 1441 457 1499 idem
485 1460 548 1499 esse
576 1442 769 1519 consequitur.
799 1445 832 1501 P.
856 1439 925 1501 495.
947 1444 977 1501 O.
1000 1477 1043 1486 -
1063 1445 1097 1501 Ε.
1146 1445 1308 1505 Dubitante

287 1545 359 1586 vero
381 1526 543 1584 etiamnum
563 1527 680 1585 Callicle
701 1529 737 1585 de
758 1527 846 1585 huius
865 1527 963 1585 iudicii
984 1529 1116 1600 veritate,
1137 1549 1199 1588 rem
1219 1530 1308 1589 etiam

288 1611 477 1687 explanatius
500 1611 657 1670 dilucidare
685 1612 823 1671 instituit.
866 1613 921 1672 llst
941 1633 1033 1686 genus
1062 1632 1173 1685 rerum,
1201 1615 1306 1692 inquit,

287 1697 366 1755 inter
395 1715 427 1755 se
455 1696 678 1768 contrariarum,
707 1717 782 1774 quae
810 1717 961 1775 nunquam
989 1697 1158 1757 coniunctae
1186 1706 1308 1774 possunt

286 1781 319 1838 in
340 1800 401 1838 uno
431 1783 589 1858 eodemque
617 1782 719 1840 inesse.
778 1781 923 1844 Quorsum
951 1783 1099 1858 pertinent
1126 1784 1249 1842 felicitas
1278 1788 1308 1843 et

287 1865 455 1937 infelicitas,
477 1866 586 1925 sanitas
609 1867 733 1942 corporis
755 1872 785 1925 et
805 1869 932 1939 morbus,
953 1869 1042 1926 robur
1065 1874 1095 1926 et
1115 1868 1307 1939 imbecillitas,

288 1952 345 2009 alia
366 1951 470 2008 multa.
512 1951 597 2022 Nam,
618 1957 653 2010 ut
674 1952 805 2032 exemplo
827 1957 908 2023 utar,
935 1953 1090 2027 ingruente
1110 1955 1209 2011 morbo
1231 1954 1307 2012 tolli-

287 2040 337 2095 tur
359 2054 499 2113 prospera
521 2037 647 2111 corporis
668 2037 813 2107 valetudo,
828 2042 866 2094 et
885 2037 1084 2097 imbecillitate
1106 2056 1208 2114 corpus
1224 2058 1307 2096 occu-

287 2127 377 2197 panta
398 2120 556 2196 pristinum
577 2121 639 2179 eius
661 2123 749 2179 robur
777 2121 938 2194 evanescit,
968 2128 1056 2200 atque
1079 2122 1214 2182 vicissim.
1258 2125 1306 2181 Ad

284 2207 344 2264 hoc
371 2211 472 2264 autem
499 2225 596 2264 rerum
631 2225 723 2280 genus
751 2207 879 2265 dubitari
907 2227 966 2264 non
993 2213 1090 2283 potest
1117 2208 1188 2285 quin
1216 2207 1310 2272 etiam

288 2294 398 2350 bouum
420 2295 450 2349 et
471 2291 580 2348 malum
600 2292 783 2349 referendum
796 2292 843 2349 sit.
872 2292 990 2351 Etenim
1010 2293 1061 2351 ubi
1075 2294 1152 2350 mala
1164 2293 1305 2364 incidunt,

289 2376 333 2434 ibi
354 2376 496 2434 tolluntur
523 2378 613 2447 bona,
643 2382 673 2434 et
701 2376 829 2435 vicissim
857 2377 888 2433 in
921 2379 1016 2434 locum
1044 2380 1201 2449 malorum,
1230 2397 1305 2455 quae

289 2461 472 2533 auferuntur,
495 2460 632 2518 continuo
653 2480 753 2519 rursus
781 2463 858 2518 bona
878 2463 1044 2520 succedunt.
1086 2460 1168 2523 Quae
1190 2462 1215 2520 si
1234 2480 1306 2519 vera

286 2551 365 2616 sunt,
387 2545 547 2604 certissime
570 2546 763 2623 consequitur,
784 2550 820 2604 ut
839 2564 914 2623 quae
935 2546 1021 2604 simul
1041 2546 1073 2601 in
1088 2547 1190 2604 eodem
1210 2545 1304 2603 inesse

285 2635 398 2709 queant
418 2649 534 2707 unaque
556 2631 693 2688 accedant
712 2630 905 2707 secedantque
926 2631 1001 2687 bona
1021 2630 1135 2688 malave
1156 2650 1219 2688 esse
1246 2650 1306 2688 non

284 2716 409 2791 possint.
452 2717 516 2772 Iam
535 2734 606 2775 vero
633 2716 732 2789 negari
760 2734 820 2771 non
847 2720 943 2790 potest
972 2715 1003 2771 in
1025 2715 1232 2790 cupiditatibus
1254 2735 1305 2774 ex·

285 2800 402 2875 plendis
431 2801 488 2857 duo
511 2801 610 2858 adesse
640 2800 731 2859 solere
754 2800 914 2871 contraria,
943 2804 978 2859 ut
1005 2805 1082 2859 recte
1105 2800 1238 2858 contendi
1261 2801 1305 2860 ri-

287 2887 391 2945 deatur
420 2885 586 2960 voluptates
613 2884 681 2943 inde
710 2886 846 2943 oriundas
874 2885 906 2941 in
934 2905 1055 2943 numero
1084 2887 1225 2944 bonorum
1245 2905 1305 2943 non

286 2990 347 3029 esse
370 2970 528 3028 habendas.
557 2968 655 3032 Quum
676 2970 753 3027 enim
773 2978 965 3047 unaquaeque
987 2970 1130 3046 cupiditas
1152 2970 1305 3030 coniuncta

286 3075 348 3114 esse
371 3056 465 3114 soleat
486 3074 552 3112 oum
572 3055 733 3129 indigentia
753 3056 879 3132 quadam
893 3059 923 3113 et
942 3055 1083 3127 molestia,
1104 3055 1198 3115 veluti
1213 3075 1304 3134 quum

286 3140 402 3199 sitimus
424 3144 455 3198 et
475 3139 632 3212 esurimus,
661 3145 774 3213 tamen,
802 3139 944 3197 dumille
965 3141 1113 3216 expletur,
1144 3159 1209 3198 cum
1229 3140 1304 3198 indi-

287 3225 405 3303 gentiae
426 3244 513 3283 sensu
538 3225 629 3283 vsimul
650 3227 750 3283 adesse
772 3225 846 3284 solet
866 3225 1056 3284 iucunditatis
1084 3225 1304 3303 voluptatisque

285 3310 440 3385 perceptio.
472 3310 603 3368 Solemus
625 3310 702 3367 enim
716 3309 848 3368 sitientes
869 3310 967 3368 bibere
984 3316 1014 3368 et
1028 3309 1188 3368 esurientes
1210 3311 1303 3380 edere,

285 3396 342 3453 hoc
363 3400 409 3454 est
429 3396 560 3453 dolentes
583 3395 669 3452 simul
696 3395 830 3469 gaudere.
872 3397 978 3472 Itaque
1008 3395 1134 3452 dolorem
1163 3399 1193 3456 et
1220 3395 1304 3452 volu-

287 3484 399 3554 ptatem
425 3500 445 3537 a
473 3483 548 3538 bono
577 3485 608 3538 ct
643 3481 719 3537 malo
745 3480 863 3537 differre
890 3499 1008 3555 prorsus
1036 3497 1153 3537 necesse
1174 3482 1219 3536 est
1282 3477 1303 3551 ).

287 3565 320 3620 P.
345 3569 414 3622 496.
437 3567 474 3622 A.
496 3597 540 3606 -
562 3565 632 3623 497.
654 3566 690 3622 A.
713 3598 756 3607 -
776 3567 936 3642 Postquam
956 3565 1090 3622 Socrates
1111 3564 1166 3620 hoc
1187 3581 1303 3641 quoque

286 3653 458 3724 argumento
486 3649 695 3712 demonstravit
723 3650 882 3708 iucundum
911 3669 928 3706 a
954 3651 1028 3708 bono
1057 3667 1120 3707 esse
1148 3647 1303 3719 diversum,

285 3733 427 3804 Callicles,
449 3753 487 3792 ne
508 3735 633 3810 turpiter
654 3735 799 3794 refutatus
814 3734 950 3805 discedat,
973 3753 1003 3791 se
1025 3734 1062 3790 ad
1083 3733 1210 3792 minutas
1231 3733 1304 3791 istas

284 3819 417 3896 vilesque
439 3819 731 3894 interrogatiunculas
753 3819 877 3895 amplius
897 3837 1105 3894 responsurum
1125 3822 1221 3893 negat.
1251 3818 1303 3876 Oo-

284 3903 421 3963 hortante
444 3909 541 3962 tamen
555 3905 669 3978 Gorgia,
693 3910 784 3963 utne
807 3924 968 3963 sermonem
987 3907 1049 3962 tam
1070 3904 1126 3962 cito
1141 3905 1303 3978 abrumpat,

283 4008 384 4047 rursus
407 3989 547 4047 disserere
568 4009 687 4066 remque
708 3989 876 4064 diligentius
898 3989 987 4047 etiam
1001 3989 1152 4064 explorare
1165 3986 1303 4046 instituit.

283 4073 424 4152 Sequitur
445 4073 535 4148 igitur
556 4075 643 4132 tertia
664 4075 747 4147 ratio,
770 4094 829 4152 qua
849 4075 1008 4142 iucundum
1030 4093 1047 4131 a
1068 4075 1143 4131 bono
1157 4072 1305 4132 diversum

332 4289 358 4353 *)
379 4284 577 4353 comparandus
595 4287 627 4339 de
644 4288 685 4338 his
703 4289 777 4338 locus
795 4286 899 4338 Philebi
917 4293 956 4337 est
972 4304 997 4352 p.
1015 4285 1056 4338 46.
1073 4289 1107 4340 D.
1124 4314 1158 4324 —
1175 4284 1217 4337 47.
1234 4287 1264 4337 B.

332 4354 1211 4490 bassanu...rau
1228 4420 1271 4474 a.
