3242 5259
509 627 693 686 GORGIAS.
715 629 747 687 P.
772 634 842 688 493.
865 631 909 688 ed.
934 631 975 688 St.

1178 635 1237 690 235

219 787 259 869 δὴ
281 784 385 869 λέγων
407 823 443 832 -
466 779 556 853 οὗτοι
576 790 768 854 ἀθλιώτατοι
797 791 839 854 ἀν
860 786 924 855 εἷεν
945 793 977 856 οἱ
997 794 1154 875 ἀμύητοι,
1185 795 1239 858 καὶ

221 891 357 965 φοροῖεν
378 887 423 959 εἰς
444 886 501 949 τὸν
522 885 713 969 τετρημένον
742 888 843 952 πίθον
870 889 957 970 ὕδωρ
987 889 1082 975 ἑτέρῳ
1102 893 1238 977 τοιούτῳ

220 984 401 1069 τετρημὲνῳ
422 985 577 1070 κοσκίνῳ·
610 986 646 1048 τὸ
668 985 701 1049 δὲ
722 988 875 1050 κόσκινον
895 991 959 1070 ἀροι
979 987 1080 1069 λέγει,
1111 989 1154 1063 ὠς
1175 987 1237 1072 ἔφη

220 1082 342 1162 όπρὸς
363 1080 416 1164 ἐμὲ
436 1082 553 1163 λέγων,
583 1080 643 1165 την
664 1081 772 1166 ύνχην
793 1078 891 1147 εἶναι·
921 1086 981 1167 τὴν
1001 1086 1035 1149 δὲ
1055 1087 1164 1169 ψυχὴν
1184 1111 1236 1151 κο
1260 1102 1287 1168 0

219 1265 288 1315 male
314 1267 438 1316 omissum
471 1267 558 1317 Clark.
589 1268 646 1320 Vat.
672 1268 736 1317 Ven.
762 1269 822 1318 ΞΣ.
847 1268 924 1318 Vind.
948 1269 970 1319 1.
993 1268 1016 1320 2.
1041 1238 1235 1324 71301777.

220 1334 290 1386 Flor.
309 1348 332 1384 a.
351 1333 375 1383 b.
395 1350 415 1384 c,
432 1352 465 1384 m.
485 1354 508 1386 ο.
525 1352 550 1385 x.
568 1335 642 1386 Bodl.
660 1337 765 1386 Mearm.
783 1336 854 1387 Stob.

218 1518 286 1568 illud
316 1508 507 1584 ἐπιθυμητικόν
542 1524 585 1585 τῆς
620 1524 702 1585 ψυχήν

218 1583 364 1637 ἀκόλαστον
387 1603 443 1638 esse
467 1588 569 1649 statuit;
594 1587 635 1637 siu
659 1603 702 1637 au·

220 1664 271 1703 tem
289 1654 357 1704 illud
380 1655 412 1705 ad
435 1655 519 1704 solum
542 1662 624 1720 ψυχῆς
647 1672 701 1720 per-

219 1725 302 1772 tinere
320 1728 405 1787 putas,
422 1739 518 1788 magna
536 1730 602 1774 certe
621 1725 702 1773 oritur

218 1791 343 1841 orationis
372 1792 517 1841 obscuritas
546 1800 572 1841 et
593 1791 702 1840 molesta

219 1861 356 1908 verborum
374 1859 553 1909 redundantia.
572 1861 702 1921 Quocirca

220 1927 300 1977 facile
331 1927 389 1990 quis
421 1928 579 1978 assentiatur
606 1929 702 1977 Hein-

219 1995 346 2057 dorfio,
385 1997 430 2058 qui
465 1996 587 2058 scriptum
622 1996 701 2045 fuisse

218 2063 327 2113 coniicit
351 2060 403 2112 διὰ
432 2061 459 2111 τὸ
482 2059 627 2113 ἀκόλαστον
654 2060 701 2112 ud·

218 2137 277 2191 τοῦ,
302 2146 459 2195 quamquam
476 2132 626 2196 scrupulum
644 2132 701 2181 inii·

216 2201 253 2249 cit
270 2199 395 2248 librorum
414 2200 528 2249 omnium
545 2199 577 2248 de
594 2198 702 2265 vulgata

216 2268 330 2317 lectione
359 2269 504 2317 consensio.
554 2269 643 2332 Itaque
674 2263 700 2316 τό

216 2332 404 2384 ἀκόλαστον-
416 2332 542 2401 στεγανόν
558 2351 641 2400 paene
658 2335 701 2384 ad-

215 2404 337 2453 ducimur
371 2408 401 2452 ut
429 2402 594 2468 praecedenti
624 2409 699 2453 τοῦτο

215 2477 259 2537 τῆς
279 2477 362 2535 ψυχῆς
379 2487 425 2535 per
442 2472 630 2535 appositionem
640 2471 699 2521 sub·

214 2540 291 2603 iungi
301 2545 422 2603 putemus
434 2539 485 2588 boc
496 2555 586 2588 sensu:
605 2540 697 2589 illam

214 2613 338 2672 partem
362 2608 476 2668 animi,
504 2608 536 2655 iu
565 2623 627 2672 qua
654 2607 698 2656 in-

213 2681 292 2724 sunt
321 2675 543 2740 cupiditates,
576 2675 698 2725 videlicet

215 2740 241 2791 τό
261 2739 407 2792 ἀκόλαστον
424 2739 504 2792 αὐτοῦ
529 2743 570 2792 καὶ
590 2740 622 2793 ού
642 2759 696 2793 στε-

214 2806 308 2877 γανόν.
344 2812 420 2860 Hanc
436 2812 570 2871 rationem,
588 2813 610 2860 si
628 2819 697 2862 recte

213 2879 343 2940 intellexi,
361 2880 532 2942 nuperetiam
545 2879 696 2944 Voegeli-

212 2963 277 2995 nus
296 2947 492 2995 commendavit.
527 2948 641 2996 Aetius
660 2954 696 2998 to·

211 3022 269 3063 tum
294 3014 344 3064 hoc
369 3011 395 3065 τό
420 3010 459 3063 ἀκ.
489 3011 570 3064 αὐτοῦ
597 3015 639 3065 καὶ
663 3012 695 3064 ού

215 3098 283 3147 orep.
308 3083 366 3131 eiici
387 3083 451 3134 vult.
470 3110 501 3118 -
525 3085 575 3132 Pro
599 3080 633 3134 ἀς
658 3101 695 3132 τε-

214 3148 342 3214 τρημένοι·
360 3150 402 3214 είή
426 3151 506 3201 πίθος
530 3154 695 3216 exspectabas

213 3219 392 3267 accusativum
428 3217 584 3283 τετρημένον
612 3221 696 3268 πίθον

214 3289 260 3349 (sc.
289 3282 429 3349 ὠνόμασε).
464 3287 514 3335 Sed
537 3291 635 3336 mutata
657 3293 696 3336 est

212 3354 370 3403 constructio
388 3361 465 3417 atque
479 3355 639 3405 conformata
650 3371 695 3404 κοι-

211 3419 241 3470 τὰ
256 3417 283 3468 τό
300 3418 454 3481 νοούμενον,
478 3422 615 3472 Adduntur
626 3425 695 3472 enim

211 3491 290 3539 baec:
317 3484 352 3540 eis
370 3505 434 3550 τετρ.
453 3489 495 3553 εἴη
513 3492 601 3547 πίθος,
620 3492 694 3555 quasi

210 3558 397 3621 praecessisset
414 3558 494 3620 ἔλεγε,
512 3558 581 3622 quod
598 3575 631 3608 ex
647 3559 694 3608 illo

210 3623 335 3684 ὠνόμασε
352 3624 428 3673 facile
445 3626 584 3691 intelligas.
628 3627 694 3676 Gon·

209 3692 363 3742 structionis
379 3694 507 3742 rationem
525 3696 627 3760 egregie
638 3711 694 3759 per-

211 3762 298 3825 spexit
316 3759 546 3810 Heindorfius.

246 3829 276 3877 B.
313 3824 355 3878 uis
378 3832 441 3876 τῶν
465 3827 500 3878 ἐν
518 3827 631 3878 Ἅιδου
651 3827 693 3894 -Ῑ

209 3891 236 3943 τὸ
256 3891 344 3947 ἀειδὲς
361 3911 432 3944 nunc
449 3896 481 3946 ad
500 3896 527 3946 τὸ
545 3894 693 3959 όρατὸντο-

209 3963 292 4012 fertur
326 3979 410 4027 neque
447 3967 694 4015 tenebricosum

209 4030 289 4094 quid
313 4031 455 4096 significat,
479 4033 524 4081 sed
547 4033 588 4095 id,
610 4033 693 4097 quod

209 4105 355 4148 nonest
384 4099 628 4163 adspectabile.
660 4103 692 4150 ci.

208 4166 343 4215 Phaedon,
373 4183 398 4229 p.
422 4165 461 4217 50.
486 4169 518 4217 D.
543 4174 568 4219 et
591 4167 632 4219 81.
655 4169 692 4231 C„

209 4233 256 4282 ubi
273 4236 336 4283 item
363 4233 389 4282 τὸ
408 4231 494 4287 ἀειδὲς
516 4242 542 4286 et
561 4236 625 4303 ᾂδσο
650 4252 691 4300 op-

207 4305 315 4366 ponitur
345 4307 380 4367 τῷ
411 4299 511 4369 ἀραιῷ,
541 4309 567 4353 et
595 4305 692 4368 Oratyl.

207 4387 233 4433 p.
256 4368 316 4420 403.
339 4370 371 4418 Α.
413 4370 492 4419 Addit
515 4378 601 4422 eutem
628 4372 692 4423 baec

207 4438 344 4502 Socratas,
366 4444 396 4488 ut
414 4438 505 4489 doceat
528 4439 644 4490 fabulam
662 4440 692 4496 il·

752 1519 805 1568 lam
829 1519 860 1568 de
884 1520 977 1570 misero
1001 1519 1142 1570 inferorum
1166 1524 1237 1570 statu

753 1587 951 1652 intelligendam
979 1603 1036 1638 esse
1063 1587 1095 1638 de
1119 1589 1175 1637 vita
1196 1590 1235 1639 in·

752 1657 949 1720 temperantium
974 1662 999 1705 et
1021 1655 1235 1719 lubidinosorum‚

753 1725 798 1788 qui
816 1740 902 1787 quum.
913 1725 1098 1789 cupiditatibus
1111 1733 1234 1790 perpetuo
1248 1725 1252 1731 '

752 1791 914 1856 indulgeant,
933 1798 1020 1842 tamen
1037 1809 1082 1842 eas
1100 1809 1234 1858 nunquam

753 1860 857 1924 explere
875 1866 901 1909 et
917 1861 1011 1911 satiare
1028 1861 1136 1926 possint.
1163 1862 1235 1911 Gre-

753 1929 819 1977 scit
848 1929 917 1978 enim
951 1929 1129 1994 indulgens
1165 1929 1235 1980 sibi

753 1995 847 2046 dirus
868 1995 1024 2063 hydrops,
1056 2014 1115 2048 nec
1143 1998 1235 2047 sitim

753 2064 865 2128 pellit,
893 2065 961 2114 nisi
988 2080 1105 2116 caussa
1127 2065 1234 2115 morbi

753 2133 880 2198 fugerit
901 2134 1007 2187 venis.
1030 2160 1063 2169 -
1085 2131 1118 2182 oi
1135 2128 1232 2198 ἀμύη-

753 2218 816 2261 τοι,
846 2201 882 2262 ii,
911 2203 968 2264 qui
991 2217 1053 2251 nou
1076 2205 1152 2250 sunt
1173 2202 1233 2249 ini-

754 2269 846 2330 tiati,
879 2269 1029 2335 mythologo
1056 2284 1145 2319 rursus
1172 2276 1233 2318 sunt

752 2337 1014 2401 intemperantes
1054 2343 1084 2386 et
1122 2339 1233 2387 incon·

752 2405 913 2453 tinentes:
936 2404 1003 2454 ludit
1024 2405 1137 2455 enimin
1155 2403 1241 2470 origi-v

750 2473 855 2522 natione
880 2472 1009 2522 vocabuli.
1045 2474 1084 2522 De
1109 2474 1232 2524 felicitate

750 2555 853 2602 eorum,
872 2542 917 2603 qui
933 2542 1062 2605 mysteriis
1081 2542 1175 2592 initiati
1193 2556 1232 2591 es-

749 2617 820 2669 sent,
853 2609 998 2673 miseraque
1029 2614 1080 2658 τῶν
1108 2606 1232 2676 ἀμυήτων

749 2676 897 2726 conditione
914 2693 938 2725 v.
957 2676 990 2726 ad
1002 2677 1132 2727 Phaedon.
1151 2693 1175 2743 p.
1190 2676 1231 2728 69.

750 2745 825 2794 0.-
843 2743 945 2809 ἐτέρῳ
965 2742 1101 2811 τοιούτῳ
1119 2763 1230 2810 τετρη-

748 2811 834 2878 μὲνῳ
871 2828 970 2870 κοσκ,
1007 2813 1031 2865 h.
1062 2830 1083 2863 e.
1119 2813 1230 2864 cribro

750 2881 826 2930 item
853 2882 1034 2945 perforato.
1074 2882 1141 2931 Nam
1170 2898 1229 2932 cum

748 2949 775 2996 vi
793 2949 917 3012 repetitur
934 2947 1086 3015 τετρημένοι.
1119 2951 1159 3000 De
1178 2948 1229 2999 ἑτέ-

750 3034 788 3078 ρῳ
806 3014 914 3081 τοιούτῳ
932 3033 956 3066 v.
974 3016 1077 3067 Indic.
1096 3020 1127 3067 Τ.
1137 3019 1158 3068 Ι.
1172 3035 1192 3068 s.
1205 3033 1229 3066 v.

748 3084 845 3146 ἔτερος.
865 3112 897 3121 -
915 3087 1019 3148 Respici
1037 3102 1052 3134 a
1069 3085 1178 3136 Platone
1196 3086 1229 3135 ad

748 3152 936 3202 nobilissimam
954 3154 1027 3202 illam
1045 3154 1160 3202 fabulam
1177 3155 1230 3202 Da·

747 3220 854 3269 naidum
873 3222 1002 3270 neminem
1020 3221 1094 3285 fugit.
1111 3221 1229 3271 Eandem

747 3304 807 3338 vero
827 3303 935 3352 poenam
954 3303 970 3337 a
986 3289 1069 3352 poetis
1089 3289 1116 3337 in
1134 3289 1229 3352 impios

748 3361 772 3404 et
790 3356 901 3406 iniustos
919 3355 1042 3405 constitui
1054 3356 1132 3404 refert
1145 3356 1228 3419 pbilo-

746 3424 844 3488 sophus
862 3426 902 3473 De
920 3422 1028 3487 Republ.
1042 3423 1075 3471 II.
1093 3439 1118 3486 p⁴
1127 3421 1185 3474 363.
1195 3425 1228 3474 D.

781 3491 813 3540 τό
841 3490 875 3541 δὲ
901 3489 1064 3540 κόσκινον
1091 3489 1156 3554 ἄρα
1183 3491 1227 3539 λέ-

746 3577 851 3625 γει-
878 3556 934 3624 τὴν
975 3557 1083 3623 ψυχὴν
1124 3551 1227 3624 εἶναι]

747 3627 865 3677 Cribrum
888 3627 1011 3676 iudicavit
1028 3642 1084 3676 esse
1106 3627 1229 3677 animam.

746 3697 976 3758 Intemperantium
1001 3701 1086 3744 autem
1113 3702 1139 3744 et
1165 3696 1227 3744 iusi-

745 3763 872 3827 pientium
905 3765 1017 3813 animam
1047 3763 1113 3812 dixit
1143 3763 1227 3813 cribro

745 3832 856 3881 similem
882 3847 938 3881 esse
963 3833 1057 3896 quippe
1081 3833 1156 3894 quasi
1171 3848 1228 3897 per·

745 3900 863 3961 foratam,
881 3901 917 3949 ita
931 3906 960 3949 ut
974 3899 1041 3948 nibil
1056 3899 1187 3948 continere
1198 3901 1227 3948 iu

745 3983 773 4016 se
801 3968 883 4031 possit
911 3964 943 4016 δι’
972 3963 1093 4016 ἀπιστίαν
1130 3984 1156 4016 τε
1184 3967 1226 4016 καὶ

745 4032 842 4099 λήθην,
869 4051 934 4098 quae
958 4033 1038 4085 verba
1060 4040 1127 4084 recte
1149 4035 1226 4084 inter-

744 4102 1141 4167 pretaturOlympiodorus:
1158 4099 1226 4152 ἀπι-

747 4173 841 4218 στίαν
858 4169 907 4229 μὲν
925 4175 960 4235 τῷ
977 4169 1043 4234 μηδὲ
1061 4168 1126 4221 ὅλαι
1143 4187 1226 4233 παρα-

746 4237 882 4300 δέχεσθαι,
906 4235 1013 4303 λη’ίλην
1037 4236 1066 4285 δὲ
1090 4242 1125 4302 τῳ
1143 4255 1225 4303 παρα-

745 4304 866 4368 δέχεσθαι
900 4303 963 4364 μέν,
999 4302 1226 4356 ἐπιλανθάνεσθαι

745 4370 780 4422 δέ.
816 4372 912 4438 Lepide
930 4373 997 4422 dixit
1014 4369 1149 4433 ἀπιστίαν,
1174 4391 1226 4440 quo

742 4440 837 4491 alludit
866 4441 899 4491 ad
929 4443 1025 4501 πίθον,
1056 4439 1174 4492 πιθανόν
1201 4449 1227 4494 et
