3242 5259
515 605 697 667 GORGIAS.
719 608 752 667 P.
776 613 847 668 448.
869 610 914 668 ed.
937 610 982 670 St.
1219 617 1256 670 ⁸5

229 771 442 851 Χαιρεφῶντι
462 768 503 833 οὐ
523 774 615 833 ποιεῖ.
659 773 754 834 ΓΟΡ.
783 772 822 833 Τί
841 774 993 854 μάλιστα,
1023 765 1048 836 ὦ
1070 775 1239 855 Σώκρατες
1246 802 1256 852 ;

228 867 309 929 ΣΩ.
349 863 395 930 Τὸ
423 862 631 949 ἐρωτώμενον
669 869 709 931 οὐ
740 870 829 933 πάνυ
864 894 919 953 μοι
947 871 1096 952 φαίνεται
1122 872 1255 949 άιτοκρί-

229 969 358 1029 νεσθαι.
402 966 498 1028 ΓΟΡ.
524 959 618 1027 Ἀλλά
647 968 705 1039 σύ,
736 967 763 1029 εί
783 969 903 1048 βούλει,
927 965 1003 1047 έροῦ
1025 969 1133 1031 αὐτόν.
1176 972 1252 1034 Est.

232 1063 320 1134 Οὔκ,
359 1061 387 1124 εί
414 1058 503 1142 αὐτῷ
532 1082 567 1139 γε
597 1060 648 1124 σοὶ
674 1065 863 1150 βουλομένῳ
893 1063 977 1128 ἐστὶν
1011 1067 1253 1148 ἀποκρίνεσθαι,

228 1159 311 1223 ἀλλὰ
332 1158 418 1222 πολὺ
447 1158 489 1222 ἂν
517 1157 610 1242 ἥδιον
631 1159 673 1223 σέ.
703 1161 799 1244 δῆλος
829 1165 891 1245 γάρ
919 1187 974 1246 μοι
997 1167 1112 1238 Πῶλος
1141 1164 1193 1227 καὶ
1222 1163 1253 1242 έξ

230 1244 279 1321 ὧν
300 1257 446 1338 εἴρηκεν,
477 1252 607 1340 ὅτι-τὴν
634 1258 837 1343 καλουμένην
865 1259 1038 1343 ῥητορικὴν
1059 1266 1181 1344 μάλλον
1201 1284 1252 1345 με·
1285 1261 1315 1325 Ε

230 1353 403 1437 μελέτηκεν
430 1353 681 1436 ἢδιαλέγεσθαι.
725 1360 837 1420 ΠΩΛ.
873 1359 912 1420 Τί
931 1358 986 1441 δή,
1018 1351 1250 1441 ὦΣωκρατεςς

230 1454 308 1516 Did.
321 1448 407 1527 Ὅτι,
431 1443 456 1514 ὦ
479 1456 592 1529 Πῶλε,
625 1452 782 1537 ἐρομένου
805 1459 1035 1536 Χαιρεφῶντος
1063 1459 1150 1532 τίνος
1171 1462 1202 1520 Γ
1199 1482 1251 1537 ορ-

229 1551 302 1631 γίας
316 1546 500 1631 ἐπιστήμων
513 1548 634 1634 τέχνης,
646 1553 847 1635 ἐγκωμιάζεις
862 1550 921 1635 μέν
939 1548 1043 1618 αὐτοῦ
1054 1553 1114 1637 τὴν
1128 1555 1251 1637 τέχνην,

230 1646 335 1727 ὥςπερ
363 1649 451 1721 τινὸς
481 1645 653 1731 ψέγοντος,
690 1650 758 1733 ἥτις
790 1648 824 1714 δέ
854 1649 958 1723 ἐστιν,
988 1645 1049 1716 οὐκ
1078 1649 1249 1733 άιτεκρίνω.

229 1746 345 1808 HM.
373 1739 423 1808 Οά
442 1743 504 1827 γάρ
525 1739 755 1830 ἀπεκρινάμην,
779 1749 831 1812 ὅτι
861 1749 950 1833 ε’ίηή
978 1751 1147 1834 καλλίστης
1177 1754 1251 1815 Σίλ.

231 1841 298 1906 Καὶ
318 1845 404 1924 μάλα
425 1864 470 1925 γε.
493 1839 556 1907 ἀλλ’
580 1839 685 1921 οὐδεὶς
706 1846 815 1928 έρωτρλ,
837 1848 915 1911 ποία
935 1871 981 1922 τις
1002 1847 1049 1930 είη
1071 1850 1251 1932 ἡΓοργίου

228 1940 337 2024 τέχνη,
364 1940 449 2004 άλλὰ
469 1943 534 2018 τίς,
562 1941 615 2007 καί
644 1939 756 2008 ὅντινα
786 1942 852 2008 δέοι
880 1948 990 2008 καλεῖν
1018 1941 1077 2009 τὸν
1098 1948 1249 2028 Γοργίαν.

276 2075 309 2124 Ε.
346 2071 396 2124 ὅτι
418 2075 473 2142 τίη
490 2070 506 2143 ἡ
524 2075 694 2145 καλλίστη]
721 2075 737 2143 ἡ
754 2078 834 2144 vulgo
853 2079 976 2129 omissum
993 2079 1160 2131 reddiderunt
1176 2081 1250 2132 codd.

229 2144 284 2193 fere
303 2158 402 2203 omnes,
415 2143 497 2192 'etiam
515 2143 605 2195 Clark.

281 2210 347 2260 Καὶ
370 2207 453 2271 μάλα
475 2211 524 2276 γε]
552 2229 594 2277 γε,
620 2213 689 2277 quod
713 2214 791 2264 ceteri
815 2213 876 2264 libri
899 2221 924 2264 et
948 2214 1011 2265 editi
1032 2219 1058 2265 et
1080 2216 1251 2283 manuscripti

227 2281 362 2346 ignorant,
380 2278 500 2329 exhibuit
516 2280 576 2329 Vat.
594 2281 628 2329 Δ.

280 2343 401 2399 οὐδεὶς
424 2344 546 2414 ἐρωτᾷ,
571 2351 651 2398 ποία
676 2365 721 2401 tte
740 2349 807 2414 εἴη]
835 2349 971 2399 Beklrerus
990 2346 1089 2415 η’ροίτα,
1113 2351 1182 2415 quod
1199 2352 1250 2416 ipsi

227 2415 293 2465 olim
311 2415 513 2465 conieceramus.
538 2414 589 2465 Sed
606 2415 694 2469 nullus
712 2416 795 2466 codex
815 2412 909 2482 ἠρώτα.
936 2418 991 2466 Nec
1001 2433 1130 2482 praesens
1147 2425 1250 2483 tempus

227 2487 301 2532 earet
318 2480 484 2545 defensione,
501 2483 563 2534 licet
579 2486 708 2548 optativus
726 2491 856 2549 sequatur.
891 2486 1024 2534 Permutat
1041 2486 1110 2534 enim
1129 2485 1247 2536 Socrates

226 2550 269 2600 hie
287 2555 433 2615 temporum
457 2556 483 2600 et
500 2550 632 2601 modorum
647 2553 788 2613 rationem,
811 2558 901 2616 utpote
918 2553 1045 2602 rationem
1061 2553 1161 2602 habens
1178 2561 1249 2604 ante-

224 2633 332 2684 gressae
349 2617 408 2668 Poli
426 2619 613 2684 responsionis:
636 2618 674 2670 ὅτι
692 2621 736 2685 εἴη
754 2617 769 2686 ἡ
788 2621 913 2684 καλλίστη.

225 2728 363 2789 rationem,
382 2727 427 2792 qni
437 2727 488 2777 sibi
498 2727 604 2778 mirifice
619 2730 646 2778 in
658 2744 714 2778 ver·
765 2734 874 2792 μακρῶν
900 2726 960 2781 τοίω
983 2726 1077 2795 λόγους
1103 2731 1249 2791 ποιεῖσθαι,

226 2796 268 2845 bis
286 2796 404 2860 cognatis
427 2811 459 2845 ac
482 2796 601 2846 similiter
623 2796 713 2846 caden-
765 2796 790 2845 h.
803 2813 826 2846 e.
837 2791 982 2862 ἀναγκαῖόν
996 2795 1066 2846 ἐστιν
1077 2795 1150 2849 ἐνίας
1160 2816 1182 2848 κ.
1195 2817 1214 2846 τ.
1227 2799 1248 2848 λ.

226 2864 298 2913 tibus
321 2862 451 2928 placebat.
471 2862 715 2914 v.Philostrat.
766 2865 878 2929 Sophist.
902 2881 927 2928 p.
951 2862 1008 2915 242.
1031 2865 1067 2914 B:
1105 2863 1152 2929 τὴν
1180 2862 1249 2916 ὁδὸν

227 2932 291 2981 Vitt.
310 2931 425 2996 Sophiat.
442 2931 472 2980 L.
490 2932 511 2980 Ι.
533 2947 557 2996 p.
575 2931 633 2982 500.
656 2932 715 2986 coll.
765 2928 969 2998 ἀναγκαιοτάτην
1002 2925 1069 2982 εἶναι
1102 2929 1165 2998 ἡμῖν
1192 2932 1248 2997 τρέ-

225 3000 337 3064 interpp.
357 2998 391 3048 ad
407 2997 516 3049 Phaedr.
533 3015 558 3063 p.
576 2997 634 3050 267.
653 3000 681 3050 (λ.
766 3001 871 3050 asedec.
893 3000 1011 3065 Legg.1.
1029 3017 1054 3066 ρ.
1069 2998 1127 3050 643.
1140 3002 1174 3051 0:
1199 3005 1250 3051 τῶν

262 3066 328 3132 Cap.
345 3067 393 3116 111.
411 3066 444 3115 D.
482 3062 559 3127 Οὔκ,
579 3066 611 3118 el
627 3063 715 3134 αὐτῷ
765 3064 939 3133 μαθημάτων,
956 3067 1014 3118 ’ὅσα
1037 3064 1167 3134 ἀναγκαῖα
1184 3087 1249 3133 κρο-

226 3151 262 3200 γε
286 3133 342 3200 -l
379 3135 459 3183 Recte
486 3135 628 3185 Ficinus
657 3152 714 3186 sen·
764 3134 958 3201 μεμαθηκέναι,
994 3134 1151 3197 μανθάνειν.
1197 3137 1250 3188 So·

225 3203 336 3252 tentiam
358 3202 496 3252 verborum
518 3204 646 3268 expressit
663 3204 712 3253 sic:
764 3204 870 3269 phocl.
889 3204 959 3253 Δίκα.
983 3220 1007 3253 v.
1025 3203 1089 3254 634:
1115 3208 1250 3268 κρείσσων

225 3271 253 3320 si
276 3276 325 3333 tu,
348 3269 488 3335 Gorgia,
511 3270 713 3338 respondere
764 3268 1145 3338 γάρ”Αιδᾳκεάθωνὸνοοῶν
1156 3270 1248 3333 μάταν,

224 3338 307 3387 mihi
334 3338 457 3400 velles,
486 3353 502 3387 a
528 3344 560 3388 te
583 3340 653 3404 ipso
678 3339 714 3387 ii·
764 3336 1021 3402 ieupeioeo‘vdou
1040 3336 1085 3387 τὸν
1102 3337 1185 3399 μάταν
1204 3359 1248 3390 νο-

223 3404 359 3456 bentiua
394 3420 583 3470 quaererem
622 3422 713 3472 quam
766 3403 1249 3473 σοῦνταἎιδᾳκεάθειν,υσίν.Ι.ο-

223 3490 240 3524 a
257 3473 345 3525 Polo.
382 3473 423 3522 De
446 3475 636 3524 constructione
659 3491 714 3524 ver·
764 3475 855 3525 beck.

223 3541 319 3591 borum
346 3556 376 3589 v.
401 3540 434 3590 ad
461 3542 594 3593 Phaedon.
621 3559 646 3608 p.
672 3541 713 3594 78.
781 3544 811 3592 Ε.
831 3539 1087 3608 ἢδιαλέγεσθαι]
1112 3543 1250 3592 Transitur

225 3611 256 3660 B.
291 3607 410 3672 Matth.
433 3608 477 3658 (ir.
505 3612 528 3672 §-
553 3607 611 3662 388.
635 3627 657 3660 ο.
680 3639 714 3647 -
765 3610 798 3659 ad
815 3624 892 3659 usum
910 3609 1045 3671 infinitivi,
1063 3611 1125 3674 quia
1142 3611 1249 3670 μελετᾶν

227 3677 326 3743 δῆλον
361 3672 422 3743 γάρ
458 3693 513 3738 μοι
542 3677 654 3730 Πῶλος
680 3706 714 3715 -
764 3679 860 3742 pariter
889 3694 948 3727 cum
977 3680 1127 3727 accusativo
1155 3678 1250 3728 obiecti

224 3743 275 3796 ὅτι
298 3742 359 3811 τὴν
382 3745 445 3793 καλ.
473 3745 491 3793 i.
513 3761 535 3795 e.
563 3742 643 3812 δῆλόν
670 3749 717 3806 μοί
765 3752 843 3810 atque
865 3761 924 3794 cum
948 3745 1077 3796 infinitivo
1100 3747 1173 3796 verbi
1189 3763 1249 3795 con-

225 3811 312 3870 ἐστιν,
338 3807 377 3860 ὅτι
395 3809 487 3865 Πῶλος
504 3830 526 3863 κ.
546 3831 565 3862 τ.
583 3814 604 3862 λ.
640 3815 714 3864 Alias
764 3815 838 3878 iungi
846 3814 936 3878 potuit.
951 3815 1079 3875 Quocirca
1088 3820 1249 3878 praepostere

224 3881 286 3930 loeo
295 3878 440 3945 particulae
452 3877 490 3930 ὅτι
501 3895 558 3930 cnm
570 3896 616 3930 suo
635 3883 713 3931 verbo
765 3882 933 3946 Hirsehig.
966 3878 982 3947 ἢ
1019 3878 1050 3931 τὸ
1085 3881 1250 3947 διαλέγεσθαι

224 3948 333 4015 ponitur
362 3948 543 4013 participium,
577 3954 607 3998 ut
636 3950 714 3999 scribi
764 3949 875 4014 scripsit.

223 4015 495 4083 potneritetiamsic:
515 4013 653 4082 λῆλοεγάρ
673 4033 715 4078 μοι
799 4018 854 4066 καὶ
902 4014 1014 4065 ὅντινα
1057 4015 1151 4082 Ἰλεόι]
1202 4016 1250 4066 Re-

225 4079 322 4136 Πῶλάε
336 4083 391 4133 ἐστι
403 4080 584 4150 μεμελετηκώς.
603 4084 654 4134 Sed
667 4101 715 4134 nee
748 4085 847 4150 ,lativa
868 4089 927 4148 post
950 4084 1136 4149 interrogativa
1156 4085 1183 4132 in
1208 4099 1250 4133 eo-

222 4152 273 4203 illa
289 4151 358 4201 ratio
376 4150 535 4216 infrequens.
558 4167 583 4202 τ.
600 4153 714 4202 Matth.
765 4153 823 4202 dem
840 4154 976 4205 verborum
993 4153 1091 4202 ambitu
1104 4153 1251 4215 frequenter

224 4223 249 4283 §-
264 4217 328 4272 296.
363 4216 456 4269 Latius
478 4225 565 4270 autem
586 4220 629 4270 hie
651 4236 714 4270 usus
765 4221 855 4270 inferri
902 4219 1038 4268 docuimus
1078 4220 1110 4269 ad
1152 4220 1251 4269 Criton.

220 4293 303 4356 patet,
314 4301 395 4354 qnam
405 4285 486 4354 vulgo
496 4289 641 4356 opinentur.
651 4289 715 4339 Mox
765 4305 790 4353 p.
809 4287 866 4338 122.
902 4287 1004 4336 Deinde
1024 4303 1056 4336 ne
1075 4288 1133 4351 quis
1150 4289 1177 4337 in
1196 4305 1252 4338 ver·

223 4372 251 4424 p.
266 4352 327 4408 449.
346 4354 376 4406 B.
396 4352 432 4406 (ir
454 4354 508 4407 είσλ
523 4355 581 4419 ’μὲν
598 4383 631 4394 -··
649 4357 716 4406 ἔνιαι
766 4355 806 4406 bis
825 4353 910 4417 ὥσπερ
932 4351 962 4404 τὰ
982 4353 1136 4418 ἔμπροσθέν
1149 4370 1190 4405 σοι
1208 4352 1251 4406 ίτ.

226 4427 281 4475 τῶν
308 4418 490 4505 ἀποκρίσρων
510 4419 651 4493 ἀναγκαῖαι
673 4421 717 4475 διὰ
766 4441 789 4474 κ.
808 4441 828 4472 τ.
847 4425 867 4474 λ.
885 4423 1004 4487 haereat,
1027 4423 1094 4475 nihil
1111 4424 1161 4474 hoe
1177 4430 1254 4490 asyn-
