3242 5259
549 600 605 657 AD
627 598 811 658 GORGIAM
832 598 1035 658 PLATONIS.
1259 606 1298 660 25

280 770 371 830 ficisci
400 768 530 827 iudicata
558 767 597 827 sit
632 769 761 846 adeoque
789 767 937 826 adulatrix
972 767 1126 844 appellata.
1182 770 1301 828 Etenim

281 857 425 927 Socrates,
447 854 642 911 Recordemur
663 853 753 928 igitur
773 853 847 924 iam,
869 853 980 931 inquit,
1003 873 1077 930 quae
1100 874 1153 929 ego
1174 855 1245 913 Polo
1267 875 1301 913 ao

280 941 406 1015 Gorgiae
430 939 560 1015 exposui,
583 958 645 997 csse
667 940 809 1016 quaedam
837 937 990 1009 instituta,
1019 957 1094 1015 quae
1123 939 1208 998 unice
1236 960 1300 1015 spe·
1376 962 1378 965 ’

280 1031 397 1084 ctarent
425 1025 622 1099 voluptatem,
651 1023 721 1100 quid
743 1028 842 1081 autem
869 1024 979 1080 malum
999 1029 1051 1081 aut
1078 1025 1187 1081 bonnm
1215 1031 1301 1109 qsset,

279 1110 401 1168 minime
431 1113 574 1166 curarent.
625 1106 722 1170 Quum
749 1127 819 1166 vero
847 1126 926 1164 nunc
955 1112 1059 1181 agatur
1086 1109 1122 1166 de
1155 1128 1187 1167 re
1215 1109 1301 1184 longe

280 1194 464 1270 gravissima,
486 1192 720 1271 quandoquidem
741 1192 899 1270 quaeritur,
922 1212 981 1270 qua
1001 1192 1113 1251 ratione
1135 1193 1196 1253 vivi
1218 1213 1301 1270 opor·

279 1284 351 1352 teat,
375 1284 477 1338 utrum
498 1297 540 1348 ea,
562 1278 599 1335 ad
620 1297 708 1355 quam
722 1282 756 1336 tu
776 1296 823 1335 me
838 1277 1005 1349 cohortaris,
1026 1282 1060 1335 ut
1081 1277 1178 1336 virilia
1192 1278 1317 1338 scilicet

279 1365 402 1438 negotia
422 1367 545 1421 tractem
573 1368 604 1420 et
630 1362 760 1420 factitem
788 1367 880 1420 artem
908 1361 1077 1432 oratoriam,
1106 1383 1144 1420 an
1169 1363 1235 1434 illa,
1264 1365 1301 1420 ad

278 1469 370 1528 quam
390 1447 575 1524 philosophia
595 1440 641 1505 me
663 1447 781 1517 excitat,
809 1446 870 1503 noli
884 1445 943 1504 iam
963 1447 1063 1504 ludere
1085 1466 1119 1504 ac
1132 1447 1228 1518 iocari,
1251 1451 1301 1507 sed

278 1553 371 1613 quam
392 1532 613 1606 diligentissime
634 1551 748 1589 mecum
770 1531 907 1609 exquiro,
936 1531 1006 1609 quid
1027 1531 1105 1589 inter
1126 1552 1156 1590 se
1185 1533 1302 1593 differat

278 1624 408 1697 utraque
428 1618 502 1675 haec
523 1617 642 1676 vivendi
662 1617 745 1689 ratio,
768 1621 798 1675 et
819 1615 890 1694 quid
910 1615 932 1672 ii
947 1623 1115 1694 sequantur,
1137 1617 1238 1695 quise
1261 1619 1301 1676 al·

279 1704 388 1763 terutri
417 1703 532 1761 dedant.
561 1704 593 1760 P.
618 1706 686 1760 500.
709 1704 745 1759 A.
768 1733 811 1743 -
832 1701 867 1758 Ε.
888 1734 932 1743 -
952 1701 1088 1759 Diximus
1116 1722 1186 1761 vero
1215 1709 1302 1761 antea

280 1809 344 1848 esse
367 1789 509 1866 quasdam
524 1806 660 1847 verarum
681 1786 788 1845 artium
803 1785 887 1863 quasi
906 1786 1083 1858 imitatrices,
1106 1806 1189 1864 quae,
1211 1808 1302 1865 quum

279 1879 419 1932 natimam
440 1872 581 1949 cuiusque
601 1871 644 1929 rei
665 1868 724 1929 non
745 1870 944 1947 explorarent,
973 1871 1078 1947 peritia
1100 1873 1226 1950 quadam
1246 1893 1303 1931 usu

280 1965 315 2018 et*
333 1957 544 2017 exercitatione
573 1956 693 2014 collecta
722 1956 941 2014 continerentur
969 1956 1117 2034 solamque
1138 1962 1304 2033 spectarent

278 2045 480 2119 voluptatem,
509 2042 641 2115 neglecta
669 2061 786 2117 prorsus
815 2060 902 2101 verae
923 2041 1060 2100 utilitatis
1082 2042 1302 2121 honestatisque

279 2129 405 2187 ratione
433 2126 683 2189 Quemadmodum
705 2131 803 2184 autem
825 2125 1024 2185 intelleximus
1037 2127 1139 2184 referri
1160 2129 1303 2204 quaedam

280 2211 424 2272 eiusmodi
445 2211 569 2270 artificia
590 2212 626 2268 ad
641 2211 767 2286 corporis
783 2230 882 2268 curam
902 2211 1187 2290 delectationemque,
1208 2213 1303 2272 veluti

283 2317 448 2375 coquorum,
478 2297 520 2354 ita
534 2296 623 2355 etiam
637 2296 734 2354 studia
748 2298 890 2374 quaedam
904 2297 1098 2372 reperiuntur,
1113 2290 1196 2374 qnae,
1212 2317 1302 2375 quum

284 2383 321 2439 ad
344 2382 472 2440 animum
484 2381 658 2457 pertineant,
681 2384 779 2440 tamen
800 2381 897 2438 omnia
910 2381 1073 2440 metiuntur
1092 2383 1301 2457 voluptatibus,

282 2467 370 2542 plane
390 2469 451 2525 non
478 2465 579 2524 habita
598 2465 710 2524 ratione
737 2465 819 2537 boni,
851 2466 887 2523 ad
915 2462 992 2543 quod
1022 2466 1233 2541 respiciendum
1254 2466 1301 2530 sit.

282 2551 430 2614 Quorsum
450 2550 600 2627 pertinent
627 2569 673 2608 ars
696 2544 839 2626 αὐλητικὴ
867 2556 897 2608 et
916 2545 1120 2630 κιθαρῳδική,
1150 2552 1302 2609 chororum

281 2633 479 2707 didascalia,
509 2655 593 2711 porro
621 2635 716 2711 poesis
738 2634 963 2710 dithyrambica3
995 2634 1120 2712 denique
1141 2635 1229 2694 etiam
1251 2656 1302 2694 au·

281 2728 369 2796 gusta
390 2721 442 2778 illa
463 2726 550 2797 atque
572 2721 688 2794 grandis
708 2720 883 2794 tragicorum
905 2739 959 2789 ars,
981 2739 1056 2796 quae
1077 2725 1107 2778 et
1127 2720 1191 2796 ipsa
1210 2721 1303 2794 magis

282 2808 317 2865 ad
339 2806 523 2881 voluptatem
544 2810 738 2881 spectatorum
759 2823 848 2882 quam
868 2805 905 2861 ad
926 2804 1087 2862 bonitatem
1105 2806 1302 2870 honestatem-

282 2905 339 2969 que
362 2896 530 2966 comparata
559 2896 611 2949 est.
655 2888 713 2952 Qui
742 2889 859 2967 quidem
887 2889 983 2961 locus,
1012 2895 1047 2948 ut
1066 2891 1122 2947 hoc
1142 2911 1194 2966 per
1222 2911 1301 2949 occa-

282 2978 394 3035 sionem
415 2994 591 3047 moneamus,
615 2975 691 3051 quod
712 2973 902 3050 philosophus
923 2973 972 3031 hic
992 2975 1029 3032 de
1051 2976 1163 3034 artibus
1184 2976 1302 3035 musicis

284 3062 352 3120 data
375 3061 593 3136 opportunitate
614 3059 691 3117 idem
711 3058 861 3130 iudicavit,
883 3061 961 3137 quod
973 3064 1075 3134 postea
1096 3059 1128 3118 in
1141 3060 1302 3136 Republica

282 3151 310 3204 et
317 3145 447 3220 Legibus
456 3145 567 3215 statuit,
580 3146 719 3222 quosdam
726 3143 889 3214 commovit,
897 3148 932 3202 ut
937 3163 1040 3219 parum
1046 3149 1125 3203 recte
1134 3145 1303 3219 colligerent

281 3250 349 3288 eum
371 3231 463 3288 etiam
491 3229 523 3286 in
545 3229 651 3303 Gorgia
673 3229 811 3304 ampliora
837 3233 982 3305 spectasse
1009 3234 1039 3287 et
1066 3230 1230 3288 rhetoricen
1252 3251 1302 3288 ex·

281 3315 369 3391 empli
389 3320 507 3374 tantum
528 3314 589 3371 loco
610 3314 748 3389 posuisse.
793 3314 850 3372 Sed
879 3313 1054 3372 revertimur
1074 3316 1118 3371 'ad
1145 3316 1300 3390 proposita.

281 3400 434 3458 Faciamus
456 3405 568 3471 autem,
598 3398 694 3476 inquit
722 3418 821 3474 porro,
852 3398 915 3456 tolli
937 3416 971 3454 ac
991 3399 1133 3458 removeri
1163 3419 1202 3457 ex
1221 3400 1302 3475 poesi

282 3486 389 3556 modos,
410 3504 565 3542 numerum
587 3487 675 3561 atquc
696 3503 812 3542 versus:
835 3483 905 3560 quid
925 3487 990 3541 tum
1009 3483 1187 3542 remanebit?
1208 3484 1301 3541 Nimi-
1340 3511 1343 3514 ⁴

282 3589 348 3627 rum
367 3569 442 3627 nihil
463 3569 521 3626 nisi
543 3569 686 3627 orationes
709 3564 813 3646 (λόγοι)
835 3567 946 3643 poetico
969 3572 1073 3626 ornatu
1094 3573 1209 3627 exutae.
1252 3570 1301 3626 Ex

281 3674 338 3732 quo
360 3653 535 3736 intelligitur
555 3653 656 3729 poesin
677 3673 740 3712 esse
769 3653 870 3710 orandi
891 3653 1036 3731 quandam
1058 3657 1151 3711 artem
1172 3656 1208 3713 ab
1230 3655 1301 3712 adu·
1379 3681 1405 3709 ο.

281 3739 389 3798 latione
410 3740 577 3814 profectam,
600 3739 656 3795 hoc
677 3742 722 3796 est
742 3739 817 3796 solas
832 3737 1013 3796 audientium
1027 3744 1206 3814 spectantem
1219 3741 1301 3798 volu-

281 3822 423 3899 ptates*).
446 3825 478 3881 P.
503 3828 572 3881 500.
594 3824 628 3881 Ε.
648 3855 692 3864 -
715 3828 783 3880 502.
805 3823 842 3880 D.
885 3823 949 3879 Iam
978 3842 1048 3881 vero
1075 3824 1219 3883 rhetorice
1239 3824 1299 3896 illa,

282 3909 364 3966 ouius
385 3913 470 3967 tanta
498 3914 543 3966 est
573 3909 649 3982 apud
677 3909 817 3983 populum
838 3906 1064 3965 Atheniensium
1085 3909 1242 3968 auctoritas
1272 3914 1302 3967 et

280 3993 391 4067 gratia,
423 3992 494 4071 quid
523 3992 640 4051 tandem
668 3992 751 4050 nobis
773 4012 836 4051 esse
857 3991 993 4050 ridetur?
1036 3994 1144 4052 Utrum
1173 3998 1301 4051 oratores

280 4078 334 4137 tibi
356 4078 496 4138 videntur
524 4077 593 4135 boni
622 4077 796 4154 honestique
819 4077 912 4151 gratia
934 4076 1044 4149 dicere,
1072 4077 1102 4134 id
1123 4077 1216 4135 solum
1237 4098 1302 4153 spe·

281 4169 411 4235 stantes,
434 4169 468 4222 ut
491 4161 668 4221 orationibus
691 4162 751 4220 suis
772 4161 851 4221 cives
873 4181 961 4240 quam
983 4161 1084 4238 optimi
1105 4163 1239 4235 evadant,
1262 4184 1300 4222 an

329 4362 356 4425 *)
375 4361 495 4412 Platonis
512 4358 544 4410 de
561 4361 634 4426 poesi
651 4359 777 4410 iudicium
794 4360 914 4410 aestimes
932 4375 966 4409 ex
982 4359 1024 4424 iis,
1043 4375 1110 4425 qnae
1124 4362 1165 4410 De
1180 4360 1243 4427 Rep.
1253 4361 1301 4412 III.

280 4445 304 4497 P·
321 4427 374 4486 392
391 4445 464 4495 seqq.
479 4433 508 4480 ct
523 4444 548 4497 p.
565 4427 623 4481 598.
641 4430 674 4484 D.
691 4444 763 4495 seqq.
780 4427 952 4495 disputantur.
