3242 5259
508 590 692 652 GORGIAS.
713 592 841 651 P.-513.
864 595 934 651 514.
956 592 1002 652 ed.
1025 592 1069 652 st.

1237 596 1295 651 301

278 747 404 829 αὐτοὺς
432 753 486 819 καὶ
514 751 673 831 ἐξετάσαι,
710 756 840 833 πρῶτον
869 753 928 836 μὲν
957 754 985 817 εἰ
1020 752 1216 835 ἐπιστάμεθα
1241 753 1351 836 τὴνΒ

278 851 397 936 τέχνην
416 851 437 934 ἢ
459 846 520 916 οὐκ
549 850 762 933 ἐπιστάμεθα,
788 851 850 934 τὴν
877 852 1102 934 οἰκοδομικήν,
1130 849 1185 915 καὶ
1212 850 1299 932 παρὰ

278 957 341 1014 τοῦ
363 947 544 1032 decideram
574 946 636 1013 ἔδει
656 953 714 1025 άν,
746 943 846 1030 rioth
877 952 980 1012 ΚΑΛ.
1012 951 1109 1013 Πάνυ
1129 971 1175 1030 γε.
1217 952 1295 1015 Est.

283 1044 419 1112 Οὐκοῦν
451 1048 603 1129 δεύτερον
633 1041 676 1110 αὖ
704 1047 793 1123 τάδε,
830 1047 861 1110 εἴ
887 1070 918 1110 τι
946 1049 1075 1111 πώποτε
1101 1047 1300 1129 οἰκοδόμημα

279 1140 535 1232 ᾧκοδομήκαμεν
557 1145 621 1228 ἰδίᾳ
641 1138 664 1225 ἢ
683 1148 749 1208 τῶν
770 1145 875 1225 φίλων
890 1142 954 1207 τινὶ
974 1139 1164 1228 ἢὴμέτερον
1179 1136 1298 1216 αὐτῶν,

279 1243 454 1306 καὶτοῦτο
485 1243 522 1306 τὸ
552 1243 751 1324 οἰκοδόμημα
777 1242 880 1305 καλὸν
899 1236 921 1323 ἢ
942 1243 1074 1325 αἰσχρόν
1095 1242 1168 1306 ἐστι.
1198 1243 1253 1306 καὶ
1272 1243 1300 1306 εἰ

279 1341 341 1422 μὲν
364 1339 552 1422 εὑρίσκομεν
574 1340 791 1421 σκοπούμενοι
819 1339 1032 1416 διδασκάλους
1059 1363 1092 1404 τε
1113 1340 1204 1423 ἡμῶν
1224 1341 1299 1421 dyo·

280 1437 366 1511 δοὺς
387 1437 441 1500 καὶ
461 1436 649 1519 ἐλλογίμους
669 1437 843 1517 γεγονότας
864 1436 918 1499 καὶ
938 1439 1179 1521 οἰκοδομήματα
1196 1438 1299 1500 πολλὰ
1322 1442 1349 1508 G

279 1536 341 1617 μὲν
361 1533 416 1598 καὶ
435 1535 517 1599 καλδι
537 1534 615 1616 μετὰ
636 1538 702 1598 τῶν
729 1534 930 1599 διδασκάλου
959 1534 1193 1622 ᾠκοδομημένα
1212 1536 1299 1618 ἡμῖν,

279 1632 439 1697 πολλὰδὲ
459 1633 513 1697 καλ
534 1632 599 1717 ἰδίᾳ
618 1633 726 1716 ἡμῶν,
760 1632 867 1716 ἐπειδὴ
894 1636 961 1697 τῶν
982 1634 1183 1698 διδασκάλων
1203 1634 1299 1716 άκηλ-

332 1844 363 1892 Β.
390 1843 444 1892 καὶ
463 1841 495 1892 al
519 1841 580 1904 μὲν
603 1838 827 1909 εὑρίσκομεν]
850 1843 970 1894 Fortasse
988 1843 1065 1895 scrib.
1084 1839 1253 1909 ηὑρίσκομεν.
1274 1859 1300 1893 v.

279 1911 350 1960 infra
369 1913 401 1960 D.
420 1915 485 1962 extr.

333 2045 362 2096 (l.
383 2043 454 2110 Ιδίμ
472 2041 581 2112 ἡμῶν]
600 2042 656 2111 ἰδίᾳ
674 2040 719 2108 ὑφ’
739 2040 814 2110 ἡμῶν
831 2045 968 2096 Bekkerus
986 2062 1019 2096 ex
1035 2062 1089 2096 uno
1106 2047 1166 2097 Par.
1183 2047 1215 2098 V.
1252 2047 1299 2098 Oe-

280 2114 330 2164 teri
347 2114 409 2164 libri
427 2111 483 2163 Ιδια
499 2119 545 2164 aut
564 2111 620 2180 ἰδίᾳ
637 2109 719 2179 ἡμῶν.

281 2314 342 2373 gato
362 2304 507 2371 πράξοντες
524 2306 593 2372 quod
605 2307 765 2358 restituimus

282 2373 444 2440 κράξαντες,
475 2375 565 2425 eodem
591 2375 668 2426 modo
696 2376 765 2425 infra

282 2445 305 2504 ἕ.
324 2445 364 2492 D:
382 2440 433 2493 κᾶν
449 2442 477 2493 al
493 2440 701 2509 ἐπιχειρήσαντες
719 2441 765 2507 δη·

282 2509 417 2572 μοοιεάειν
452 2513 650 2575 παρεκαλοῦμεν
690 2506 765 2576 άλλή-

283 2581 354 2637 λους,
371 2579 418 2628 ubi
435 2579 658 2629 Heindorfius
674 2578 765 2628 invitis

283 2647 358 2696 libris
393 2643 602 2712 ἐπιχειρήσοντες
641 2647 765 2712 reposuit.

282 2716 439 2764 Fioinus:
465 2716 516 2775 ,Si
539 2729 616 2780 ergo
640 2730 698 2764 nos
722 2715 766 2763 in-

283 2783 403 2845 vicem,
422 2799 437 2833 ο
455 2783 638 2845 Callicles,
656 2782 766 2832 cohor·

281 2856 440 2912 taremur,
477 2850 611 2915 publice
640 2850 766 2900 civilia

281 2924 541 2984 pertractantes,
552 2917 589 2968 ad
603 2934 766 2968 murorum

283 2987 336 3037 vel
361 2987 532 3037 navalium
552 2984 608 3036 vel
630 2985 766 3051 templo·

281 3071 352 3104 rum
392 3054 549 3119 ingentia
588 3053 766 3104 aedilicia’'

283 3131 333 3173 etc.
368 3122 449 3172 Vides
477 3137 526 3172 neo
553 3121 623 3171 hunc
651 3123 767 3172 futurum

282 3189 395 3255 legisse,
429 3189 498 3254 quod
528 3188 618 3240 dubito
655 3205 687 3239 an
721 3205 768 3254 per

283 3259 365 3308 totius
394 3257 447 3308 loci
468 3258 594 3308 rationem
623 3263 692 3308 stare
713 3273 767 3308 non

282 3327 375 3391 possit.
419 3326 548 3377 Nimirum
581 3325 692 3376 aoristus
726 3324 768 3375 de·

281 3400 357 3443 notat
379 3392 419 3455 id,
443 3393 513 3457 quod
533 3393 591 3459 quis
611 3393 663 3443 iam
682 3395 767 3444 facere

283 3461 406 3511 instituit.
426 3461 542 3524 Sinos,
559 3462 652 3525 inquit,
669 3477 768 3526 quum

283 3530 324 3579 ad
341 3530 480 3594 negotia
501 3530 638 3595 publica
661 3544 768 3579 acces·

283 3600 452 3660 sissemus,
469 3597 767 3648 invicemhortare·

283 3680 353 3715 mur
371 3664 409 3714 ad
428 3664 644 3730 suscipienda
665 3665 767 3716 archi·

283 3740 437 3783 tecturae
456 3749 555 3798 opera
572 3739 621 3783 etc.

319 3801 350 3850 B.
369 3805 499 3863 πρῶτον
516 3799 622 3861 piacl
638 3797 767 3851 ἐπιστά-

283 3870 373 3930 μεθα
389 3867 432 3935 -]
451 3869 581 3918 Accusata
598 3870 664 3918 ratio
681 3868 768 3934 exige·

285 3937 332 3987 bat
359 3936 450 4000 utique
479 3932 641 4002 ἠπιστάμεθα
659 3963 691 3974 -
709 3931 768 4002 ἡκα-

285 4001 413 4064 undussa.
453 4003 503 4053 Sed
527 4004 594 4053 nihil
616 4003 769 4054 mutandum

284 4089 343 4122 esse
362 4071 456 4121 docent
472 4073 605 4136 proxima:
633 4072 661 4121 ελ
676 4090 697 4121 τι
715 4068 768 4121 ου’-

286 4157 350 4190 κοιε
364 4138 414 4189 olu.
435 4135 695 4206 ῷκοδομήκαμεν
712 4137 769 4204 ἰδίᾳ

284 4236 327 4264 —-,
347 4208 390 4256 καὶ
414 4212 539 4257 τοῦτο-
556 4205 668 4272 αἰσχρόν
691 4205 768 4257 ἐστι.

284 4277 353 4325 Nam
383 4275 416 4324 ad
444 4271 551 4326 Οὐκοῦν
581 4274 707 4338 δεύτερον
734 4265 769 4323 αὖ

285 4341 347 4392 τάδε
370 4349 476 4408 apparet
497 4360 512 4393 e
536 4343 712 4408 superioribus
729 4343 769 4392 iu·

284 4411 456 4476 telligendum
485 4427 542 4462 esse
568 4409 621 4461 ἔδει
643 4408 678 4462 ἂν
702 4405 769 4476 ἡμᾶς

818 2306 984 2370 οκέηαοθαιε
1010 2312 1040 2356 ut
1062 2307 1106 2356 hic
1131 2322 1236 2372 prorsus
1259 2321 1299 2356 ea·

817 2375 874 2425 dem
903 2376 938 2425 sit
965 2375 1102 2425 verborum
1131 2374 1298 2426 constructio.

817 2444 946 2505 Quocirca
968 2444 1000 2494 ab
1029 2444 1146 2494 oratione
1173 2457 1300 2508 suspensa

816 2511 941 2562 transitur
967 2516 1071 2576 repente
1092 2511 1125 2560 ad
1155 2525 1299 2560 sennonem

816 2586 915 2630 rectum
938 2594 1022 2642 neque
1048 2579 1209 2630 extrinsecus
1238 2593 1299 2643 pen-

817 2648 934 2697 dentem:
964 2662 1042 2711 quam
1070 2647 1197 2696 rationem
1222 2645 1300 2696 Grae·

817 2731 863 2765 cos
879 2731 926 2779 pro
949 2730 979 2765 eo
1004 2731 1055 2781 quo
1076 2713 1212 2779 pollebant
1227 2714 1300 2779 inge-

816 2783 856 2832 nii
871 2783 961 2848 vigore
978 2788 1004 2832 et
1026 2783 1160 2833 alacritate
1181 2782 1301 2847 frequen·

817 2858 856 2902 ter
872 2866 1011 2915 usurpasse
1025 2850 1102 2901 hodie
1116 2852 1180 2901 satis
1191 2856 1300 2901 constat.

852 2919 881 2969 O.
921 2915 1022 2968 πολλὰ
1063 2917 1099 2968 δὲ
1139 2918 1191 2969 καλ
1229 2917 1300 2982 [δίᾳ

818 2983 866 3052 ἡμ.
884 2985 932 3053 -]
951 2986 1025 3036 Libri
1034 2986 1076 3036 vel
1094 2985 1150 3053 ἰδίᾳ
1167 2983 1241 3053 ἡμῶν
1257 2984 1301 3036 vel
1379 3036 1385 3046 ,

819 3054 874 3104 ἴδια
892 3050 966 3120 ἡμῶν
982 3054 1114 3120 praebent.
1136 3057 1300 3106 Postremum

818 3128 904 3172 tuetur
921 3123 1154 3186 Heindortius,
1177 3124 1222 3187 qui
1246 3120 1301 3172 ἴδια

818 3187 893 3257 ἡμῶν
914 3190 1013 3240 dictum
1040 3196 1115 3255 putat
1138 3195 1169 3239 ut
1190 3186 1300 3254 ἡμέτερα

818 3254 912 3307 αὐτῶν.
931 3259 966 3307 st
983 3259 1053 3309 enim
1064 3273 1126 3308 vero
1143 3273 1223 3321 quum
1235 3258 1300 3306 haec

818 3332 983 3390 opponantur
1004 3324 1071 3374 illis:
1103 3323 1165 3384 μετὰ
1186 3329 1239 3373 τῶν
1262 3323 1300 3373 δι·

819 3391 957 3442 δασκάλοιν
967 3389 1162 3459 ᾠκοδομημένα,
1179 3390 1241 3455 quid
1250 3393 1302 3456 pri-

818 3467 934 3510 vatarum
961 3460 1064 3510 aedium
1093 3460 1300 3509 commemoratio

818 3543 889 3578 nunc
910 3527 987 3590 velit,
1018 3527 1137 3594 equidem
1165 3543 1219 3577 non
1244 3542 1300 3591 per-

818 3596 908 3662 spicio.
946 3595 1027 3646 Liber
1047 3611 1116 3645 unus
1136 3595 1219 3646 Paris.
1245 3593 1301 3660 ἰδίᾳ

820 3660 867 3726 ὑφ’
898 3660 987 3729 ἡμῶν,
1014 3664 1084 3714 unde
1110 3661 1172 3713 olim
1200 3663 1301 3713 conieci

820 3730 876 3798 ἰδίᾳ
894 3728 937 3794 ἐφ’
956 3728 1042 3797 ἡμῶν,
1065 3732 1134 3796 ipsi
1157 3747 1214 3797 per
1230 3746 1301 3793 nos,

819 3800 1301 3864 nostraipsorumoperarquae

819 3866 899 3918 verba
920 3884 1043 3933 quorsum
1068 3873 1197 3932 spectent,
1227 3882 1300 3916 accu-

820 3937 903 3986 ratius
931 3936 1079 3986 declaratur
1106 3935 1177 3985 istis:
1211 3931 1301 4000 ἐπειδὴ

820 4009 873 4053 τῶν
904 4001 953 4053 διδ.
986 4000 1183 4069 ἀπηλλάγημεν,
1218 4007 1301 4067 post·

820 4087 912 4137 quam
946 4071 1128 4136 magistros
1158 4069 1301 4134 relique·

819 4153 936 4189 ramus.
959 4139 1108 4189 Dictionem
1132 4134 1175 4200 ἐφ’
1194 4137 1300 4196 ἑαυτοῦ,

820 4203 859 4256 ἐπ’
883 4204 962 4265 ἐμοῦ,
986 4202 1029 4268 ἐφ’
1049 4202 1136 4265 ὑμῶν,
1160 4205 1302 4255 illustravit

819 4275 991 4326 Hermann.
1019 4272 1053 4323 ad
1074 4273 1161 4338 Viger.
1184 4290 1208 4338 p.
1233 4271 1301 4336 859,

819 4342 894 4407 tetigi
911 4341 966 4405 ipse
984 4340 1017 4390 ad
1028 4341 1147 4406 Sympos.
1159 4357 1184 4406 p.
1196 4339 1255 4392 201.
1267 4342 1300 4390 D.

819 4411 874 4462 Nec
890 4424 952 4458 vero
969 4424 1018 4460 nos
1034 4409 1212 4474 poenitetiam
1222 4409 1301 4460 huius
