3242 5259
374 595 413 649 ⁵4
730 586 1031 648 PROLEGOMENA
1085 595 1088 600 ’

372 759 447 818 ratio
466 757 633 833 planissime
648 755 737 814 etiam
758 775 824 813 oum
837 755 900 814 loco
915 755 1094 814 nobilissimo
1108 755 1261 814 Theaeteti
1273 775 1302 830 p.
1321 756 1390 815 172.

373 844 404 902 O.
426 862 514 921 seqq„
542 841 593 900 ubi
620 840 684 901 vita
711 841 949 917 philosophorum
977 842 1046 900 data
1073 839 1290 916 opportrmitate
1317 839 1390 900 item

374 948 391 985 a
419 926 570 985 calumniis
598 925 830 985 adversariorum
857 925 1029 985 vindicatur.
1078 924 1236 985 Enimvero
1264 924 1390 1001 scriptus

374 1013 550 1070 Theaetetus
569 1010 669 1086 procul
696 1010 785 1068 dubio
813 1014 937 1068 estnon
965 1011 1009 1069 ita
1035 1011 1128 1069 multo
1155 1014 1222 1086 post
1243 1009 1391 1083 Gorgiam,

375 1117 440 1155 cum
461 1116 518 1175 quo
539 1095 612 1153 libro
634 1114 693 1172 qua
713 1094 927 1154 necessitudine
953 1095 1150 1166 contineatur,
1177 1093 1277 1170 paucis
1299 1093 1390 1168 signi-

374 1180 525 1240 ficavimus
546 1181 676 1253 Prolegg.
706 1181 743 1237 ad
764 1180 913 1239 Theaetet.
934 1201 962 1255 p.
985 1185 1034 1238 29.
1086 1179 1143 1238 His
1170 1199 1240 1238 vero
1268 1178 1312 1238 ita
1339 1199 1390 1238 ax-

373 1266 493 1344 ploratis
521 1283 581 1322 una
609 1264 704 1322 adhuc
731 1265 845 1342 reliqua
872 1269 917 1324 est
938 1263 1089 1323 dubitatio.
1133 1262 1247 1340 Quippe
1273 1263 1392 1325 rettulit

376 1349 760 1410 Schleiermacherus
795 1349 890 1425 operis
924 1348 1081 1425 primordia
1115 1349 1153 1407 ad
1187 1348 1240 1406 illa
1273 1349 1391 1411 domum

375 1441 518 1511 tempora,
546 1433 652 1512 quibus
673 1435 758 1493 Plato
779 1453 818 1492 ex
838 1434 931 1510 primo
951 1434 1056 1493 itinera
1076 1433 1109 1491 in
1130 1432 1259 1492 Siciliam
1279 1438 1310 1492 et
1330 1435 1392 1493 Ita·

375 1522 446 1579 liam
470 1519 637 1577 inferiorem
664 1521 797 1594 suscepto
832 1519 865 1576 in
897 1519 1022 1596 patriam
1049 1519 1143 1577 redux
1170 1519 1265 1578 faetus
1292 1519 1391 1578 fuerit

376 1604 459 1667 Quae
486 1603 631 1663 sententia
656 1610 799 1682 quantum
827 1606 943 1663 recedat
970 1606 1007 1663 ab
1036 1623 1071 1664 ea
1106 1622 1195 1681 quam
1220 1601 1279 1679 ipsi
1305 1605 1392 1663 modo

377 1689 558 1748 defendimus
587 1688 713 1761 ratione,
737 1692 839 1764 sponte
865 1689 1048 1764 intelligitur.
1090 1689 1131 1747 Et
1151 1686 1244 1748 videri
1266 1707 1301 1747 ea
1321 1701 1392 1749 sana

376 1774 468 1852 possit
502 1773 613 1852 aliquid
648 1773 904 1832 commendationis
939 1794 977 1831 ex
1010 1793 1043 1831 eo
1069 1774 1192 1845 habere,
1229 1773 1308 1850 quod
1334 1775 1393 1852 Py-

377 1858 542 1933 thagorioae
570 1858 716 1918 doctrinae
744 1858 871 1933 vestigia
898 1859 1039 1936 quaedam
1067 1858 1099 1915 in
1125 1858 1182 1916 hoo
1207 1857 1283 1916 libro
1309 1877 1394 1935 repe-

377 1945 500 2002 riuntur.
543 1941 688 2005 Quorsum
714 1943 864 2018 pertinent
891 1963 966 2021 quaa
992 1964 1020 2019 p.
1044 1947 1113 2000 508.
1135 1945 1172 2000 Α.
1200 1943 1238 2001 de
1262 1961 1321 2001 usu
1341 1949 1393 2002 vo'·

378 2028 472 2087 cabuli
492 2022 607 2104 κόσμος
627 2034 837 2100 memorantur,
867 2047 955 2106 quam
974 2027 1151 2086 tralaticium
1178 2031 1225 2087 est
1243 2028 1394 2105 Pythagc

378 2114 454 2172 ricae
482 2133 544 2171 esse
573 2113 707 2186 originis3
736 2114 886 2189 pertinent
918 2113 989 2170 item
1026 2131 1100 2190 quae
1133 2132 1160 2187 p.
1192 2112 1261 2170 507.
1289 2113 1325 2171 E.
1353 2133 1394 2171 ex

379 2197 524 2256 sententia
536 2198 785 2274 Pythagoreorum
806 2198 842 2255 de
865 2197 1042 2256 amicitiast
1064 2216 1160 2254 amore
1181 2196 1274 2255 omnis
1293 2217 1394 2256 rerum

378 2281 579 2341 universitatis
599 2282 716 2342 vinculo
737 2288 768 2341 at
780 2303 807 2358 p.
824 2287 894 2339 493.
908 2285 945 2340 A.
960 2283 997 2340 de
1018 2300 1135 2357 corpore
1157 2280 1246 2339 animi
1260 2283 1394 2361 sepulcro

379 2370 574 2442 exponuntur.
595 2367 625 2424 N
625 2386 658 2424 ec
678 2386 747 2427 vero
768 2372 877 2426 temere
891 2366 996 2445 aliquis
1010 2367 1068 2425 huc
1081 2366 1264 2426 revocaverit
1276 2365 1395 2426 νεκυίαν

378 2452 459 2510 illam
479 2451 542 2511 sive
562 2451 724 2509 fabulosam
745 2452 780 2510 de
802 2457 882 2510 statu
897 2451 1058 2509 animorum
1071 2456 1139 2528 post
1157 2457 1281 2510 mortem
1292 2453 1395 2512 futuro

378 2536 580 2596 narrationem.
615 2539 658 2596 At
683 2537 760 2595 enim
780 2556 850 2597 vero
872 2555 904 2594 re
925 2536 1093 2610 diligentius
1115 2535 1295 2595 considerata
1321 2539 1395 2596 haec

315 2639 318 2645 ·
379 2622 475 2680 omnia
501 2621 674 2699 nentiquam
701 2622 744 2680 ita
772 2625 938 2697 comparata
966 2640 1029 2680 esse
1049 2621 1241 2693 videbuntur,
1270 2622 1395 2681 atinde

379 2707 538 2777 Platonem,
561 2725 618 2783 quo
639 2711 768 2782 tempore
788 2707 861 2764 haec
872 2705 996 2781 scripsit,
1016 2705 1075 2763 iam
1096 2705 1246 2764 subtiliore
1266 2710 1298 2764 et
1312 2726 1394 2765 aecu-

378 2790 484 2848 ratiore
512 2790 659 2848 doctrinae
680 2791 890 2868 Pythagoricae
917 2789 1024 2871 notitia
1043 2790 1189 2849 imbutum
1208 2790 1300 2849 fuisse
1328 2812 1394 2851 con·

379 2877 526 2952 sequatur.
568 2875 645 2932 Nam
665 2895 740 2953 quae
760 2877 796 2933 de
818 2880 998 2934 mortuorum
1025 2877 1188 2952 produntur
1207 2875 1330 2950 iudicio,
1360 2897 1394 2936 aa

378 2959 453 3018 nihil
473 2961 559 3034 plane
587 2959 697 3018 habent
716 2959 903 3037 Pythagorici
932 2964 1021 3038 atque
1048 2964 1204 3018 manarunt
1229 2961 1328 3035 potius
1356 2982 1394 3021 ex

379 3044 447 3102 unis
467 3043 613 3119 popularis
634 3043 783 3119 religionis
805 3045 997 3121 opinionibus.
1033 3045 1069 3102 Id
1090 3045 1168 3124 quod
1188 3048 1271 3104 tanto
1286 3047 1393 3106 certius

379 3128 423 3187 ita
449 3133 578 3187 statuere
604 3127 686 3202 licat,
715 3131 791 3207 quod
822 3150 887 3188 cum
914 3129 966 3202 iis,
994 3149 1070 3208 quae
1099 3134 1231 3188 extrema
1251 3132 1394 3207 Apologia

381 3214 514 3290 exposita
534 3213 686 3287 leguntur,
713 3232 850 3290 magnam
877 3215 988 3274 habent
1016 3214 1243 3274 similitudinem.
1286 3216 1394 3276 Diffcrt

379 3298 471 3372 igitur
490 3300 609 3375 mythus
630 3299 661 3357 in
683 3299 790 3375 Gorgia
810 3304 962 3359 enarratur
989 3300 1044 3357 hoc
1070 3299 1186 3359 nomine
1208 3305 1308 3376 aparte
1328 3303 1392 3378 plu-

379 3383 484 3442 rimum
505 3386 542 3443 ab
570 3384 606 3443 iis
635 3385 757 3457 fabulis,
786 3405 860 3463 quas
887 3385 1076 3461 philosophus
1096 3385 1245 3443 Phaedoni
1274 3392 1306 3445 et
1325 3387 1393 3446 Rai-

379 3469 510 3544 publieae
538 3468 620 3528 libris
641 3469 807 3541 subiunxit,
837 3470 869 3526 in
896 3469 1003 3548 quibus
1024 3488 1094 3528 sane
1109 3489 1182 3527 non
1210 3488 1305 3545 pauca
1323 3479 1394 3531 sunt

379 3545 579 3630 Pythagorica.
623 3551 708 3615 Quod
728 3559 827 3613 autem
854 3554 891 3612 ad
918 3574 1006 3612 usum
1032 3553 1167 3614 vocabuli
1186 3549 1301 3631 κόσμος
1327 3576 1393 3632 per·

380 3637 469 3707 tinet,
498 3637 615 3696 videtur
643 3638 694 3696 ille
721 3638 781 3696 iam
806 3644 920 3698 mature
947 3638 1016 3697 inde
1045 3639 1267 3716 a'Pythagorae
1295 3646 1393 3701 aetate

380 3721 469 3796 vulgo
499 3721 658 3780 celebratus
688 3727 717 3781 et
751 3743 803 3799 per
837 3723 1005 3783 universam
1033 3723 1183 3782 Graeciam
1215 3731 1392 3801 propagatus

380 3825 451 3876 esse,
472 3805 541 3864 licet
560 3805 643 3863 nulla
662 3808 732 3865 dum
752 3808 873 3867 interior
894 3807 1041 3866 doctrinae
1054 3807 1266 3886 Pythagoricae
1286 3811 1392 3870 notitia

380 3895 457 3949 esset
478 3890 642 3963 divulgata,
671 3892 707 3949 de
727 3911 787 3969 qua
813 3913 845 3950 re
873 3913 902 3952 v.
924 3912 991 3950 ann
1020 3894 1057 3950 ad
1077 3893 1151 3951 Tim.
1172 3913 1201 3969 p.
1224 3895 1274 3952 27.
1296 3897 1334 3954 A.
1362 3899 1393 3954 ct

379 3995 450 4052 quos
479 3975 520 4034 ibi
549 3980 681 4035 auctores
708 3978 744 4034 de
772 3978 828 4034 hac
854 3997 886 4035 re
914 3977 1209 4038 commemoravimus.
1257 3979 1392 4059 Denique

378 4059 491 4138 reliqua
511 4060 660 4134 dogmata,
689 4079 764 4138 quae
790 4063 845 4119 hae
872 4063 903 4119 in
932 4082 1034 4121 caussa
1061 4062 1093 4120 in
1114 4082 1232 4121 censum
1259 4065 1391 4136 veniunt,

379 4164 437 4202 non
458 4149 527 4203 sunt
547 4164 625 4202 mere
646 4146 856 4222 Pythagorica,
885 4149 1004 4207 sedvel
1026 4147 1152 4224 Orphica
1179 4149 1227 4208 vel
1248 4149 1392 4226 Empedo-

380 4229 455 4300 elea,
496 4233 530 4288 ut
556 4229 672 4288 Platoni
706 4231 765 4288 iam
793 4236 861 4289 ante
888 4232 946 4290 iter
972 4232 1109 4290 Italicum
1143 4237 1232 4311 atque
1261 4234 1391 4293 Siculum

379 4321 449 4372 nota
469 4333 531 4373 esse
551 4315 707 4391 potuerint.
749 4317 854 4393 Itaque
875 4317 949 4373 nihil
970 4318 1097 4393 profecto
1119 4337 1237 4377 caussae
1258 4323 1319 4391 est,
1341 4338 1392 4378 cur
1452 4335 1454 4341 '

381 4397 502 4456 existis
524 4400 688 4460 coniectura
709 4402 744 4459 de
765 4401 888 4476 Gorgiae
910 4405 977 4460 ortu
997 4402 1156 4481 posteuora
1178 4403 1320 4482 capisam
1347 4406 1393 4469 Aa
