3242 5259
389 589 449 644 302
793 587 988 647 PLATON'IS

387 747 542 830 λα’νημεν,
574 747 659 812 οὕτω
679 748 739 831 μὲν
759 749 985 831 διακειμένων,
1014 754 1098 815 νοῦν
1125 749 1268 834 ἐχόντων
1297 747 1339 835 ἦν
1366 754 1406 818 ἂν

387 844 468 910 ἰέναι
488 844 539 911 ἐπὶ
559 847 598 911 τὰ
618 848 755 929 δημόσια
777 844 870 929 ἔργα·
906 849 933 911 εἰ
953 846 988 910 δὲ
1009 849 1087 931 μήτε
1108 849 1307 915 διδάσκαλον
1327 853 1402 936 εἴχο-

387 966 445 1026 μεν
472 945 565 1028 ἡμῶν
593 944 702 1009 αὐτῶν
732 945 881 1024 ἐπιδεῖξαι
918 947 1157 1030 οἰκοδομήματα
1183 970 1218 1012 τε
1253 944 1277 1030 ἢ
1307 950 1404 1032 μηδὲν

386 1036 531 1123 ἢπολλδι
552 1043 605 1107 καὶ
625 1044 763 1124 μηδενὸς
783 1045 872 1122 ἄξια,
905 1043 989 1109 οὕτω
1019 1044 1053 1108 δὲ
1074 1045 1215 1127 ἀνόητον
1234 1039 1278 1128 ἦν
1300 1048 1403 1130 δήπου

387 1141 555 1223 ἐπιχειρεῖν
580 1147 648 1216 τοῖς
676 1142 840 1223 δημοσίοις
869 1138 974 1223 ἔργοις
1003 1143 1057 1206 καὶ
1083 1147 1285 1225 παρακαλεῖν
1312 1147 1401 1228 α’λλή-

330 1239 362 1302 Ι)
384 1242 463 1313 λονς
493 1235 540 1302 ἐπ’
568 1239 661 1302 αὐτό.
690 1243 804 1322 φῶμεν
833 1243 935 1304 ταῦτα
962 1240 1072 1322 ὀρθῶς
1100 1236 1269 1323 λέγεσθαι,
1297 1237 1320 1325 ἦ
1348 1248 1401 1319 οὕς

388 1339 492 1399 ΚΑΛ.
516 1338 614 1401 Πόνν
632 1358 677 1419 με.

451 1436 530 1524 Gap.
551 1436 660 1502 LXX.
705 1442 779 1502 ΣΩ.
802 1433 936 1503 Οὐκοῦν
957 1438 1041 1503 οὕτω
1061 1442 1177 1521 πάντα,
1198 1443 1238 1504 τό
1260 1463 1295 1504 τε
1315 1446 1399 1519 ἄλλα

386 1534 448 1598 κδν
469 1536 496 1599 εἰ
523 1534 777 1619 ἐπιχειρήσαντες
805 1537 1007 1620 δημοσιεύειν
1035 1543 1283 1622 παρεκαλοῦμεν
1312 1541 1400 1624 ἀλλή-

438 1816 519 1870 οότοι
543 1818 579 1870 δὲ
601 1815 747 1886 ἀνόητον
769 1811 824 1887 ἦν]
848 1822 934 1888 Vulgo
953 1821 993 1889 δή.
1016 1823 1119 1878 Βεε.2.
1144 1823 1188 1883 δὲ,
1213 1825 1284 1891 quod
1307 1826 1399 1891 reeepit

386 1887 500 1937 Bekker.
518 1904 543 1940 v.
562 1887 595 1938 sd
613 1888 688 1954 Apol.
707 1890 777 1939 Soer.
795 1905 820 1955 p.
838 1887 880 1940 28.
896 1892 928 1940 Ε.

437 2023 470 2073 D.
494 2020 770 2089 ἐπιχειρήσαντες
794 2023 920 2091 appete]
947 2025 1113 2077 Heinderflus
1131 2024 1342 2094 ἐπιχειρήσοντες
1365 2030 1400 2078 in·

386 2091 447 2141 vitis
465 2091 537 2141 codd.
560 2097 586 2141 et
602 2097 664 2142 vett
682 2092 753 2143 editt.
788 2093 857 2143 Dein
876 2092 965 2159 Steph.
982 2091 1195 2158 ἐπισκεψόμεθα.
1221 2096 1282 2147 Ald.
1301 2099 1361 2147 Bas.
1378 2096 1399 2146 1.

386 2156 592 2223 ἐπισκεψόμεθα.
632 2161 683 2211 Pro
702 2158 809 2225 ἐνιότε,
834 2160 902 2226 quod
925 2159 1033 2212 debetur
1056 2163 1135 2214 Goisl.
1152 2165 1219 2214 Ven.
1240 2164 1302 2215 ΞΣ.
1326 2164 1398 2214 Vind.

386 2431 550 2482 coniecturae
568 2436 685 2493 nestrae,
711 2435 868 2495 quamquem
953 2428 1031 2497 μήτε
1049 2429 1398 2485 διδάσκαλον-οἰκο-

385 2498 462 2550 sseile
490 2499 603 2564 palmam
633 2499 800 2550 concedimus
830 2500 868 2548 in-
919 2497 985 2559 δομ.
1010 2499 1054 2566 τε]
1082 2501 1118 2551 Τό
1134 2507 1193 2566 post
1214 2498 1278 2567 μήτε
1301 2503 1398 2553 illatum

385 2573 463 2618 vento
492 2567 655 2618 Voemelii
685 2567 764 2618 etiam
792 2566 868 2617 Her·
917 2568 1048 2618 illustravi
1074 2570 1142 2619 infre
1169 2585 1194 2634 p.
1224 2568 1284 2623 522.
1315 2573 1346 2621 Β.
1369 2598 1398 2608 -

385 2651 504 2686 menno
545 2635 667 2699 prebete:
712 2632 792 2684 πολλὰ
825 2633 868 2685 ,δὲ
919 2631 1053 2701 ἢπολλὰ
1077 2639 1129 2687 καὶ
1152 2634 1397 2702 μηδενόεόιξιο,

386 2703 428 2753 καὶ
453 2700 506 2754 διὰ
531 2699 633 2771 ἡμῶν,
664 2703 690 2752 h.
712 2719 734 2755 e.
757 2708 868 2753 nostre
918 2710 975 2753 eut
997 2704 1102 2755 mults
1130 2704 1263 2755 nullius
1291 2707 1398 2772 pretii.

385 2772 531 2837 ipserum
549 2770 867 2836 operesineeliene
917 2772 985 2821 Nem
1014 2770 1094 2823 πολλὰ
1122 2772 1165 2823 καὶ
1194 2771 1311 2838 μηδενὸς
1344 2771 1398 2838 ἄξια

385 2839 526 2901 auxilio,
544 2838 809 2905 sinemsgistris.
918 2838 1017 2890 dietum
1045 2847 1075 2890 ut
1098 2837 1176 2891 πολλὰ
1206 2841 1249 2891 καὶ
1278 2840 1350 2892 καλό.
1377 2857 1398 2890 v.

421 2904 503 2956 οὕτω
540 2905 600 2966 μὲν
640 2905 866 2965 διακειμένων,
918 2909 1032 2958 Metth.
1062 2911 1086 2970 §-
1109 2906 1167 2960 444.
1192 2907 1217 2960 3.
1240 2937 1275 2946 —
1300 2909 1398 2960 Deinde

388 2979 471 3023 νοῦν
490 2971 636 3038 ἐχόντων
655 2964 693 3039 ἦν
711 2969 763 3040 ἄν]
792 2975 827 3023 Η.
845 2990 866 3024 e.
918 2975 1145 3026 Heindorfius
1163 2975 1398 3043 posta’vo'ptor’pu·

386 3041 413 3092 el
429 3039 497 3092 οὕτω
515 3041 563 3102 μὲν
579 3040 729 3102 διεκείμεθα
743 3042 776 3105 (si
789 3047 816 3091 et
824 3057 868 3107 pe·
918 3045 989 3093 tebet
1006 3040 1041 3093 όν
1057 3046 1180 3095 omissum
1199 3061 1264 3096 esse.
1291 3046 1398 3097 Meliora

385 3109 443 3159 ritis
471 3109 602 3176 magistris
626 3110 669 3159 usi
699 3125 814 3160 essemus
842 3115 868 3160 st
917 3110 1047 3162 docebunt
1080 3112 1257 3164 Thierseh.
1291 3114 1315 3174 ἓ.
1344 3111 1397 3165 333.

385 3178 437 3243 ipsi
458 3192 504 3242 per
520 3193 569 3228 nos
585 3177 668 3227 multa
684 3193 716 3228 ee
732 3176 867 3242 preeelsre
919 3178 943 3229 1.
966 3196 986 3228 e.
1016 3196 1042 3245 p.
1064 3178 1122 3231 637.
1145 3180 1206 3231 edit.
1230 3179 1257 3233 3.
1286 3181 1397 3231 Matth.

386 3244 505 3296 aedificia
529 3244 771 3311 exstruxissemus)‚
800 3249 867 3296 νοῦν
918 3247 963 3297 Gr.
986 3247 1103 3312 amplior.
1126 3249 1150 3308 9.
1169 3247 1227 3299 508.
1245 3249 1270 3300 2.
1294 3265 1320 3314 p.
1344 3246 1397 3300 968.

386 3311 500 3379 ἐχόντων
523 3310 557 3365 όν
580 3307 627 3379 ἦν,
652 3313 798 3380 prudens
822 3330 866 3364 es·
918 3314 1398 3382 Sohaef.adnemosthen.sppant

385 3387 438 3433 set
455 3383 493 3433 ad
510 3381 867 3449 publieeopereseee-
918 3385 948 3436 Τ.
973 3383 1008 3432 ΙΙ.
1028 3399 1053 3448 p.
1071 3381 1129 3434 324.
1153 3384 1322 3435 Meletemstt.
1344 3386 1397 3436 erit.

385 3449 468 3501 dere.
502 3451 594 3501 Monui
611 3457 714 3516 propter
736 3449 866 3501 Findei·
917 3468 942 3516 p.
964 3449 1005 3501 55.
1023 3452 1091 3502 eonf.
1109 3458 1199 3502 nostra
1223 3452 1257 3502 sd
1281 3453 1396 3518 Sympes.

386 3520 525 3582 senium,
544 3519 589 3584 qui
609 3517 786 3584 νοονεχόντως
804 3519 867 3569 seri·
917 3535 942 3585 p.
960 3517 1018 3569 190.
1037 3519 1066 3572 (Ι.

383 3584 498 3637 bendum
526 3588 643 3651 putabet.
681 3588 769 3638 Dietio
798 3585 866 3637 le‘vee
952 3587 1015 3652 Cep.
1032 3588 1114 3637 LXX.
1137 3588 1170 3636 Ι).
1198 3585 1259 3636 κόν
1282 3587 1315 3637 el
1336 3587 1396 3637 ἐπι·

385 3654 432 3704 ἐπί
446 3672 468 3704 τι
489 3655 610 3718 frequens
633 3660 672 3705 est
694 3655 763 3719 apud
779 3656 867 3705 Plato·
917 3652 1142 3719 permiscentes
1159 3683 1193 3693 -—
1217 3651 1396 3718 ἐπεσκεψά-

384 3737 453 3772 nem.
487 3722 558 3771 Infra
580 3737 606 3786 p.
627 3720 686 3772 516.
709 3724 745 3772 B:
777 3718 867 3773 ἐλδών
917 3724 1006 3782 posia
1030 3719 1137 3788 δήπου
1160 3720 1214 3789 ἄν]
1251 3726 1283 3773 In
1299 3724 1342 3774 his
1358 3738 1397 3774 es-

385 3789 429 3840 ἐπὶ
457 3787 485 3840 τό
519 3794 562 3854 τῆς
593 3786 692 3843 πόλεως
723 3788 866 3856 πράγματα.
916 3790 1030 3840 rendum
1047 3797 1093 3853 est,
1111 3807 1145 3841 ne
1162 3787 1268 3841 ἄνοιττιι
1286 3794 1332 3842 καί
1341 3806 1397 3841 eon·

383 3859 517 3923 Protagor.
540 3873 565 3921 p.
587 3854 645 3908 360.
669 3859 705 3908 A:
733 3856 781 3909 οόκ
804 3855 865 3907 esi-

384 3928 477 3976 λουσιν
487 3923 604 3975 levante>
618 3921 645 3975 τό
656 3922 766 3975 κάλλιον.
784 3925 865 3975 Ibid.:

384 3989 433 4044 οὐκ
451 3991 494 4043 ἐπὶ
514 3988 541 4041 τὸ
560 3990 661 4044 κάλλιόν
685 4010 710 4043 τε
733 3993 776 4043 καὶ
795 3989 865 4052 ἄμει-

384 4079 433 4111 νον
449 4062 492 4110 τιαΙ
511 4057 586 4126 ἥδιον
604 4061 709 4125 ἔρχεται.
728 4060 827 4125 Gretyl.
840 4076 865 4124 p.

384 4127 442 4180 413.
460 4130 490 4182 B.
508 4128 608 4178 Phileb.
632 4145 657 4194 p.
675 4127 716 4180 46.
733 4131 764 4178 Β.
781 4143 807 4193 p.
823 4125 865 4177 50.

385 4198 417 4246 D.
441 4213 466 4261 p.
484 4195 525 4248 62.
543 4198 576 4246 Ι).
611 4197 697 4247 Aleib.
721 4197 740 4246 Ι.
764 4213 789 4261 p.
807 4193 864 4246 132.

385 4265 415 4313 Β.
446 4265 537 4330 Itaque
554 4265 650 4315 frustra
666 4265 716 4314 fuit
732 4265 777 4328 qui
796 4259 865 4313 όνιέ-

388 4347 428 4378 ναι
456 4333 610 4398 corrigeret,
641 4332 705 4382 lieet
736 4333 765 4382 in
792 4330 865 4382 codd.

385 4397 486 4461 aliquot
501 4400 540 4450 ite
556 4401 681 4466 seriptum
697 4401 739 4451 sit.

917 3858 1005 3908 flatum
1036 3860 1161 3909 referatur
1196 3858 1228 3908 sd
1261 3860 1344 3910 verbs
1375 3857 1400 3908 εἰ

917 3923 1125 3992 ἐπιχειρήσαντεε
1148 3924 1170 3975 δ.
1189 3930 1398 3990 παρεκαλοῦμενς

916 3995 1027 4057 pertinet
1051 3996 1120 4044 enim
1138 3994 1170 4043 sd
1188 3992 1398 4058 ἐπεσκεψάμεθα,

916 4063 962 4110 ubi
983 4069 1069 4111 temen
1092 4064 1283 4128 perspicuitatis
1307 4077 1397 4113 caussa

916 4129 1035 4179 iteratum
1057 4136 1103 4180 est.
1138 4131 1223 4195 Supra
1245 4148 1270 4196 p.
1288 4130 1348 4183 466.
1364 4130 1397 4179 G:

917 4197 959 4246 nai
983 4194 1033 4262 γὰρ
1056 4195 1103 4256 ἄν,
1126 4198 1153 4248 εἰ
1173 4194 1208 4264 μὴ
1232 4196 1247 4263 ἡ
1272 4199 1342 4266 ψυχὴ
1366 4202 1397 4264 ιχ)

919 4262 1013 4325 σώματι
1049 4264 1182 4315 ἐπεστάτει
1206 4293 1255 4323 -,
1293 4263 1321 4316 τό
1356 4270 1398 4316 τοῦ

916 4328 1094 4399 Ἀναξαγόρου
1111 4331 1147 4383 ἂν
1165 4332 1229 4382 πολὺ
1247 4325 1288 4400 ἦν.
1323 4334 1397 4384 Retio

916 4401 994 4451 huius
1017 4408 1160 4451 structurae
1185 4404 1309 4468 cognosci
1331 4409 1398 4468 pote-
