3242 5259
557 623 740 684 GORGIAS.
761 625 795 682 P.
820 627 890 682 503.
913 622 958 681 ed.
982 621 1025 680 St.

1242 619 1301 676 267

285 789 391 867 ἄνδρα
411 789 536 852 τούτων
555 785 628 851 τινὰ
657 786 824 869 γεγονέναι
853 752 931 867 ἔχεῖς
959 785 1075 859 einaim
1107 784 1210 845 ΚΑΛ.
1234 781 1305 846 Οὐκ

285 884 346 968 ἔχω
369 884 478 968 ἔγωγε,
500 889 568 960 πῶς
589 885 679 948 εἴπω.

351 985 432 1074 Oap.
456 986 548 1052 LIX.
592 989 666 1050 ΣΩ.
698 980 773 1049 Ἀλλ’
795 985 853 1050 ἐὰν
875 989 970 1068 ζητῇς
997 988 1117 1062 καλῶς,
1149 984 1301 1066 εὑρήσεις.

283 1086 404 1167 ἴδωμεν
432 1085 472 1167 δὴ
502 1083 620 1150 οὑτωσὶ
649 1081 768 1166 οἲτρὲμοε
798 1085 1028 1166 σκοπούμενοι,
1059 1083 1088 1144 εἴ
1114 1104 1161 1155 τις
1180 1081 1304 1145 τούτων

285 1191 434 1258 τοιοῦτος
454 1182 576 1265 γέγονε.
599 1180 677 1264 φέρε
697 1184 778 1264 γάρ,
806 1183 824 1245 ὁ
851 1183 977 1263 ἀγαθὸς
1006 1178 1089 1262 ἀνὴρ
1116 1178 1169 1243 καὶ
1196 1178 1248 1242 ἐπὶ
1266 1179 1303 1242 τὸ

285 1279 453 1363 βέλτιστον
474 1276 578 1361 λέγων
599 1283 619 1343 a
642 1279 683 1344 ἂν
703 1279 779 1364 λε’γγ
800 1284 878 1344 ἄλλο
900 1303 929 1343 τι
949 1280 1010 1343 οὐκ
1038 1280 1105 1360 εἰκῇ
1128 1276 1204 1358 ἐρεῖ,
1235 1278 1302 1340 ἀλλ’
1324 1278 1354 1341 Ε

284 1375 482 1459 ἀποβλέπων
509 1379 590 1458 πρός
618 1401 665 1456 τις
703 1376 806 1459 ὥςπερ
838 1375 892 1441 καὶ
923 1378 955 1441 oi
983 1380 1073 1439 ἄλλον
1109 1378 1225 1450 πάντες
1252 1377 1304 1457 δη-

285 1476 439 1561 μιουργοὶ
460 1472 631 1556 βλέποντες
651 1479 733 1559 πρὸς
759 1477 796 1543 τὸ
826 1475 934 1539 αὐτῶν
962 1471 1057 1556 ἔργον
1085 1473 1216 1549 ἕκαστος
1243 1475 1303 1537 οὐκ

287 1577 356 1658 εἰκῇ
380 1573 586 1656 ἐκλεγόμενος
606 1573 779 1655 προςφέρει
809 1576 829 1636 n
850 1572 1022 1654 προςφέρει
1050 1573 1131 1654 πρὸς
1150 1572 1187 1635 τὸ
1207 1568 1304 1653 ἔργον

288 1676 326 1737 τὸ
357 1673 476 1750 αὑτοῦ,
506 1666 571 1735 ἀλλ’
600 1672 688 1748 ὅπως
716 1672 756 1735 ἂν
785 1666 870 1746 εἶδός
897 1693 926 1734 τι
948 1671 1033 1751 αὐτῷ
1060 1681 1119 1755 σχῇ
1140 1681 1254 1749 τοῦτο,
1285 1666 1303 1733 ὃ
1354 1728 1355 1733 ,

281 1885 390 1949 iungere
407 1883 499 1933 solent.
516 1899 542 1933 v.
559 1883 615 1934 Ma
616 1883 693 1934 thiae
718 1869 762 1937 Gr.
786 1884 811 1989 5.
829 1882 870 1934 41.
889 1885 1041 1934 Buttmann.
1060 1884 1104 1935 Gr.
1123 1883 1200 1948 ampl.
1219 1884 1242 1945 5.
1260 1881 1301 1934 80.

282 1949 429 2005 6...ann3

333 2055 364 2103 E.
400 2050 472 2102 ollio
496 2070 521 2102 τι
544 2048 602 2103 οὐκ
626 2050 712 2138 εἰκῇ]
754 2053 798 2103 Sic
823 2052 911 2103 Clark.
933 2053 992 2102 Vat.
1016 2052 1095 2103 Coisl.
1120 2052 1166 2102 alii
1189 2053 1302 2116 plurimi.

283 2123 372 2188 Vulgo
390 2127 445 2197 erat
461 2117 520 2170 ἄλλο
540 2139 560 2169 τι
579 2118 595 2187 ἢ
612 2117 660 2170 οὐκ
679 2121 744 2186 εἰκῇ.

337 2221 526 2286 προεφέρει
544 2219 559 2271 ἃ
578 2221 775 2286 προεφέρει]
803 2222 880 2271 Prius
900 2220 1044 2285 προεφέρει
1061 2221 1170 2270 accessit
1187 2237 1219 2268 cx
1237 2220 1303 2270 Ven.

288 2291 349 2341 ΞΣ
368 2292 445 2340 Vind.
464 2288 488 2340 2.
506 2288 580 2339 Bodl.
598 2292 666 2355 Aug.
685 2290 762 2339 Vind.
786 2289 810 2340 2.
829 2288 852 2339 7.
888 2292 918 2339 In
943 2289 1030 2338 Clark.
1048 2290 1107 2340 vat.
1127 2288 1206 2340 Coisl
1225 2288 1303 2338 Vind.

284 2358 309 2408 l.
327 2357 351 2409 6.
369 2361 428 2408 Par.
446 2307 659 2442 Bonulvw?
668 2358 841 2419 Florentinis,
865 2354 971 2408 Bodl‘*
956 2375 972 2406 a
989 2357 1067 2407 deest
1102 2358 1171 2406 Dein
1191 2352 1256 2418 πρόε
1275 2352 1303 2404 τὸ

284 2429 367 2491 ἔργον
386 2424 412 2475 τὸ
437 2422 522 2475 αὑτων
547 2426 588 2475 vel
614 2421 701 2475 αντεῦν
727 2425 814 2476 Clark.
834 2395 892 2476 'vat
910 2424 989 2476 Coisl.
1006 2426 1071 2475 Ven.
1092 2424 1123 2475 Σ.
1141 2424 1218 2476 Vind.
1237 2422 1260 2473 l.
1278 2423 1302 2475 2.

242 2553 244 2557 ,
284 2493 309 2548 6.
329 2492 353 2545 7.
370 2496 429 2544 Par.
448 2494 509 2545 IW.
527 2495 597 2544 Flor.
615 2510 638 2544 o.
656 2511 681 2544 x.
700 2494 773 2545 Bodl.

282 2686 322 2743 ὅτι
347 2684 429 2752 doctri
453 2687 524 2738 ἐστιν
549 2684 686 2738 ἀποτελεῖν
710 2684 769 2737 tari·

284 2774 328 2808 tas
347 2774 369 2805 κ.
390 2775 408 2805 τ.
426 2759 447 2804 λ.
486 2757 646 2806 Sententiam
665 2761 771 2822 apparet

283 2841 340 2874 esse
353 2825 436 2874 hanc:
454 2825 484 2874 si
501 2840 562 2873 non
581 2825 642 2875 hoc
659 2840 770 2874 verum

283 2898 345 2955 est,
386 2892 443 2941 sed
476 2892 580 2953 illud,
620 2892 703 2956 quod
737 2893 770 2940 in

282 2962 480 3024 posteriore
538 2960 769 3025 disputatione

285 3029 403 3077 coacti
454 3043 564 3077 sumus
615 3028 770 3078 concede-

284 3112 317 3145 re
347 3113 400 3146 eas
431 3094 653 3160 cupiditates,
686 3111 769 3159 quae

285 3180 380 3227 quum
405 3163 630 3228 explerentur
660 3163 769 3213 redde-

283 3238 362 3281 rent
392 3231 557 3281 hominem
589 3231 769 3294 meliorem,

284 3298 417 3364 expleri
456 3304 485 3348 et
519 3300 641 3349 satiari
680 3315 770 3364 opor-

286 3373 370 3416 tere:
401 3372 430 3415 ut
456 3367 501 3416 hic
523 3384 625 3432 quoque
648 3368 722 3416 locus
740 3367 768 3415 in

283 3436 317 3484 iis
341 3435 518 3483 numerandus
540 3436 588 3496 sit,
618 3437 645 3484 in
674 3433 769 3499 quibus

283 3503 448 3569 grammatici
480 3501 537 3552 δεῖν
571 3473 768 3568 intelligendum

282 3587 340 3620 esse
365 3570 554 3620 iudicaverunt.
581 3587 605 3620 ν.
631 3571 663 3620 ad
686 3571 769 3619 Phae·

282 3639 377 3702 don.p
381 3636 532 3703 ...1³95ss
535 3637 665 3689 ..104Ε.
700 3638 768 3687 Illud

282 3723 347 3756 vero
365 3707 476 3756 multum
492 3705 572 3756 habet
588 3705 699 3756 dubitat
681 3708 768 3767 tronis,

287 3773 416 3838 quomodo
459 3779 589 3824 structura
630 3776 768 3824 verborum

286 3839 379 3892 τούτου
399 3840 473 3891 δὲ’
447 3859 520 3907 τεχνη
547 3859 583 3894 us
600 3835 670 3891 εἶναι
692 3858 769 3907 expe·

284 3910 380 3960 dienda
398 3911 437 3958 sit.
469 3909 694 3960 Heindorfiue
711 3925 768 3959 ver-

283 3978 347 4028 bum
372 3977 492 4062 aliquod
501 3978 629 4028 excidisse
653 3980 768 4061 suspica·

280 4044 374 4108 batur,
402 4052 447 4094 aut
464 4039 534 4095 εἶναι
556 4047 584 4094 in
602 4043 678 4111 εὶ’“η
662 4064 696 4095 αν
712 4063 768 4095 mu·

281 4113 390 4164 tandum
407 4129 471 4163 esse.
507 4114 624 4163 Aetius
646 4115 767 4164 coniicia-

280 4181 327 4262 bat
354 4182 494 4265 legendum
526 4196 594 4231 esse:
632 4186 707 4231 τοῦτο
737 4180 767 4232 δὲ

282 4242 463 4314 τεχνηεεῖναι,
481 4249 623 4314 quodcum
641 4249 767 4299 librorum

278 4318 410 4383 scriptura
431 4321 506 4366 τοῦτο
529 4332 575 4381 pro
608 4315 699 4367 τούτου
724 4335 767 4366 ex—

278 4384 427 4454 bibentium
451 4385 504 4434 fere
527 4386 655 4450 congnrit.
699 4386 767 4435 Mihi

277 4455 319 4506 in
324 4457 401 4504 tanta
416 4452 542 4503 librorum
559 4452 591 4502 de
608 4453 715 4518 vulgata
731 4453 767 4503 le

823 2690 909 2739 ctione
927 2687 1098 2739 consensione
1115 2687 1249 2753 probabile
1267 2689 1304 2738 vi-

822 2772 880 2805 sum
904 2762 942 2806 est
967 2757 1031 2807 haec
1057 2773 1103 2821 per
1129 2757 1303 2808 anacoluthon

823 2840 879 2873 esse
902 2824 1063 2889 accipienda
1101 2827 1210 2875 Ponitur
1233 2827 1303 2875 enim

821 2893 999 2942 nominativus
1011 2909 1068 2942 cum
1078 2893 1216 2975 ipfinitivo,
1228 2895 1303 2979 quasi

823 2967 900 3010 antea
925 2977 971 3025 pro
995 2956 1201 3027 ἠναγκάσθημεν
1218 2969 1302 3045 ημεῖε

821 3025 961 3111 ὁμολογεῖν
988 3030 1086 3079 dictum
1113 3036 1180 3080 esset
1204 3025 1301 3091 cinolo-

822 3104 891 3163 γεῑτο
914 3092 1133 3182 introituque
1150 3099 1200 3148 hoc
1224 3099 1300 3148 dicit:

821 3167 880 3214 hoc
905 3171 1011 3215 autem
1040 3162 1077 3228 (τὸ
1107 3162 1151 3218 τὰς
1173 3166 1222 3224 μὲν
1251 3172 1303 3217 τῶν

822 3231 970 3292 ἑκιθνμιων
986 3230 1130 3291 ἅποτελειν,
1149 3231 1193 3284 τὰς
1211 3231 1242 3283 δὲ
1260 3231 1301 3296 οὔ)

822 3316 894 3349 esse
920 3301 1082 3364 quandam
1105 3305 1214 3349 artem.
1253 3304 1302 3351 Re·

820 3367 925 3418 ferenda
943 3374 1029 3418 autem
1046 3368 1110 3416 haec
1127 3369 1237 3417 suntad
1255 3369 1303 3419 illa

822 3436 934 3486 Socratis
951 3436 1096 3500 cap.LIV.‚
1112 3435 1159 3484 ubi
1176 3437 1302 3486 eiusmodi

821 3506 913 3566 virum,
931 3505 976 3567 qui
993 3505 1062 3552 bona
1080 3519 1095 3551 a
1112 3503 1233 3552 iucundis
1252 3505 1302 3554 dis-

820 3587 924 3621 cernere
958 3576 1035 3635 atque
1074 3571 1166 3622 docere
1206 3579 1300 3635 posset,

820 3655 947 3704 quaenam
961 3639 1107 3704 voluptates
1125 3640 1217 3702 malae,
1236 3657 1302 3724 quae

819 3709 903 3757 bonae
919 3702 1055 3757 habendae
1072 3713 1166 3770 essent,
1185 3706 1302 3772 τεχνικὸν

821 3775 1004 3840 appellaverat

851 3844 917 3927 Gap.
943 3844 1012 3893 LIX.
1040 3845 1073 3894 D.
1106 3842 1232 3904 ἴδωμεν
1261 3842 1301 3909 δὴ

820 3907 944 3960 οὑτωσὶ
964 3907 1096 3992 ἀτρέμα]
1114 3911 1301 3963 considere·

819 3981 1013 4045 musrgrtur
1031 3996 1079 4030 erc
1100 3979 1250 4044 placide
1273 3997 1301 4030 ao

819 4047 870 4095 loss
887 4064 936 4096 nna
960 4048 1076 4097 daniaco
1096 4064 1179 4112 pann
1204 4048 1301 4128 ruhip

818 4115 900 4164 acken.
928 4116 994 4165 Nam
1013 4111 1114 4163 oriamur
1127 4131 1186 4165 cum
1203 4111 1301 4178 ἀτρέμα

819 4188 887 4232 arete
912 4183 1121 4232 connectendum.
1156 4184 1240 4232 Usum
1264 4184 1301 4233 lo·

819 4250 915 4313 quendi
925 4251 1066 4300 illustravit
1074 4250 1136 4300 adh
1144 4250 1162 4299 l.
1171 4250 1300 4314 Heind.;

819 4319 953 4382 attigimus
981 4319 1042 4400 iteum
1075 4333 1122 4368 nos
1153 4318 1184 4368 ad
1211 4320 1299 4401 Symp.

818 4383 918 4450 p.176.
935 4387 970 4435 E:
990 4384 1057 4437 orirer
1082 4382 1156 4470 πρὸς
1167 4382 1276 4453 ἡδονήν.

818 4401 883 4506 PR
919 4454 952 4504 ot
987 4451 1077 4504 ἄλλοι
1112 4450 1236 4506 πάντες
1266 4482 1299 4496 -
