3242 5259
370 595 409 648 98
503 625 506 632 ,
780 590 977 653 PLATONIS

372 751 583 833 παιδοτρίβην
604 750 686 813 είιτοι
715 749 756 813 iv
776 751 794 813 ὁ
815 750 1043 833 χρηματιστής,
1075 750 1118 825 ὠς
1140 737 1279 837 ἐγῷμαι,
1309 749 1399 813 κοίνν

323 848 589 929 Οκαταφρονοὸν
610 846 775 923 οίκοίντων,
807 849 930 911 Σκόπει
950 848 1046 930 δῆτα,
1080 840 1312 927 ὦΣαίκραιες,
1341 846 1401 910 ἐοίν

374 962 426 1012 σοι
452 946 596 1009 πλούτου
625 955 714 1028 φανῇ
741 968 771 1007 τι
798 948 908 1028 μεῖζον
937 945 1067 1027 ιίγαθόν
1097 939 1178 1028 ὂνῆ
1206 943 1296 1025 καρὰ
1318 948 1400 1024 Γορ

374 1045 429 1129 γίᾳ
449 1042 469 1125 ἢ
490 1037 561 1122 παρ’
584 1047 671 1125 ἄλλῳ
693 1043 835 1126 ὁτῳοῦν.
867 1047 987 1124 φαῖμεν
1017 1042 1059 1106 ἂν
1087 1036 1149 1106 οὖν
1168 1043 1249 1123 πρὸς
1278 1042 1397 1106 αὐτόν·

382 1142 420 1204 Τί
441 1139 475 1204 δὲ
497 1141 553 1223 δαίς
583 1135 666 1222 riou
687 1141 806 1204 τούτου
827 1139 1040 1222 δημιουργός;
1072 1140 1158 1221 Φαίη
1178 1143 1228 1202 ἄν.
1257 1139 1313 1214 Τίς
1333 1140 1400 1216 ὤας

378 1240 608 1320 Χρηματιοτής.
668 1239 706 1299 Τί
727 1232 807 1313 οὖν;
838 1239 957 1319 κρίνεις
978 1238 1019 1300 σὺ
1038 1236 1188 1319 μέγιστον
1208 1236 1400 1317 ἀνθρώποις

378 1336 508 1417 οίγαθὸν
529 1329 611 1398 εἶναι
639 1339 797 1410 κίοῦιον;
827 1337 984 1417 φήσομεν.
1038 1337 1116 1407 Παίς
1136 1333 1198 1415 γὰρ
1220 1338 1296 1410 οὖας
1325 1332 1403 1418 ἐρεῖ.

380 1433 445 1496 Καὶ
473 1429 537 1514 μὴν
564 1433 755 1513 οίμφιςβηιεί
788 1454 823 1513 γε
854 1433 992 1513 Γοργίας
1020 1430 1074 1497 ὅδε
1109 1431 1170 1514 τὴν
1201 1426 1273 1514 παρ’
1310 1433 1401 1520 αὐτῷ

378 1531 491 1612 τέχνην
510 1531 654 1611 μείζονος
675 1531 804 1608 οίγαθοῦ
824 1531 930 1593 αἰτίαν
951 1523 1033 1592 εἶναι
1053 1528 1073 1610 ἢ
1094 1527 1155 1611 τὴν
1176 1530 1255 1610 σήν,
1278 1535 1401 1611 φαῖμεν

380 1626 421 1690 ἂν
441 1627 540 1709 ἡμεῖς.
563 1626 662 1708 δῆλον
682 1620 753 1703 οὖν,
775 1626 880 1691 ὅτιτὸ
901 1626 979 1709 μετὰ
999 1632 1096 1690 τοῦτο
1119 1623 1211 1708 ἔροιτ’
1232 1629 1292 1689 ἄν·
1323 1625 1402 1691 «Καὶ

324 1726 357 1790 D
379 1725 410 1789 τί
431 1723 496 1788 ἐστι
523 1733 619 1787 τοῦτο
648 1722 684 1787 τὸ
714 1725 859 1806 α’γαῦόνς
889 1725 1122 1803 οίκοκρινοίσθω
1152 1723 1301 1803 Γοργίας.
1334 1719 1404 1788 ’Ίθι

383 1816 444 1886 οὖν
463 1823 607 1904 νομίσας,
630 1813 655 1883 ὦ
677 1822 818 1902 Γοργίαι,
843 1819 1024 1902 ἐρωτᾶσθαι
1043 1820 1096 1884 καί
1117 1820 1171 1883 ὑπ’
1194 1818 1326 1884 ἐκείνων
1347 1821 1404 1886 καὶ

382 1912 435 1983 ὑπ’
457 1918 545 2000 ἐμοῦ,
568 1919 759 1997 ἀπόκριναι,
779 1920 810 1982 τί
831 1917 896 1981 ἐστι
915 1925 1030 2002 τοῦτο,

382 2015 511 2099 οίγαῦὸν
537 2010 706 2090 εἶναιτοῖς
732 2016 921 2094 ἀνθρώποις
949 2013 1004 2079 καὶ
1031 2013 1064 2078 σὲ
1085 2015 1286 2098 δημιουργὸν
1317 2009 1405 2080 εἶναι

435 2274 464 2324 C.
499 2267 516 2340 ἦ
539 2272 576 2324 οὐ
600 2271 717 2324 τοῦτον
737 2273 815 2340 δημ]
841 2266 865 2341 ἦ,
888 2274 968 2340 vulgo
986 2277 1111 2325 omissum
1127 2273 1208 2337 illud,
1231 2276 1406 2326 restituerunt

384 2342 473 2392 Clark.
484 2343 543 2393 Vai.
559 2342 592 2391 Δ.
611 2343 676 2391 ven.
696 2342 719 2393 Ξ
726 2341 755 2392 Σ.
780 2342 857 2392 Vind.
874 2340 898 2392 2.
924 2345 981 2393 Par.
999 2343 1088 2393 BCV.
1112 2342 1187 2393 Bodl.
1205 2345 1273 2409 Aug.
1291 2344 1402 2395 Moorm.

383 2412 452 2461 Flor.
470 2427 493 2460 a.
510 2412 535 2459 b.
554 2427 574 2459 ο.
593 2409 617 2458 d.
637 2426 671 2458 m.

434 2474 491 2543 τὴν
508 2473 578 2542 παρ’
598 2473 683 2544 αὐτῷ
701 2475 834 2542 τέχνην]
852 2473 922 2544 αὐτῷ
934 2478 1000 2528 Par.
1017 2478 1049 2528 V.
1066 2476 1192 2544 probantu
1209 2478 1341 2530 Bokkero.

419 2697 648 2758 καταφρονῶν
704 2690 864 2760 ἁπάντων]
916 2693 986 2757 γάνει
1010 2690 1042 2744 ὂν
1060 2691 1122 2760 ἡμῖν
1145 2696 1188 2744 καί
1213 2695 1244 2745 ἐν
1267 2701 1302 2764 τῷ
1325 2699 1406 2748 utria·

385 2763 427 2811 Ad
454 2760 521 2815 lineo
555 2761 753 2826 Olympiod.:
795 2759 864 2822 ἰδού,
919 2763 1004 2825 ρι’ζειν
1027 2790 1060 2800 -
1083 2764 1124 2813 καί
1156 2761 1250 2828 σχεδόν
1272 2783 1294 2814 τι
1322 2761 1406 2816 αὐτὸ

387 2825 470 2878 οὐκέτι
493 2827 521 2878 τὸ
545 2824 672 2880 didius
691 2828 865 2894 προοέθηκεν,
917 2829 1077 2895 κεκτήμεθα,
1107 2822 1140 2880 οὗ
1171 2833 1214 2880 καί
1243 2831 1302 2896 πέρι
1328 2830 1406 2896 ἄξιον

387 2895 478 2960 ἐπειδὴ
495 2891 780 2961 αὐτὸςὸχρηματιοτὴι
792 2896 866 2963 λέγει,
917 2895 1001 2963 λέγειν
1023 2916 1046 2949 κ.
1064 2916 1082 2947 τ.
1101 2901 1122 2948 λ.
1145 2900 1214 2948 Prot.
1238 2915 1263 2964 p.
1289 2897 1351 2951 313.
1372 2902 1404 2951 B.

387 2961 416 3016 ὃς
434 2961 539 3012 πάντων
555 2969 724 3026 καταφρονεῖ.
918 2966 1036 3014 Buttm.
1049 2964 1093 3015 Gr.
1106 2967 1129 3026 ξ.
1137 2964 1195 3018 138.
1206 2967 1240 3016 11.
1251 2965 1275 3017 4.
1286 2968 1402 3022 Mattn

918 3033 941 3094 ξ.
959 3031 1017 3082 469.
1035 3061 1068 3070 -
1085 3034 1126 3082 Do
1142 3034 1189 3083 illo
1212 3032 1273 3094 ἅμα
1289 3036 1352 3094 μὲν
1368 3065 1403 3074 -

421 3098 450 3147 0.
479 3098 541 3148 Καὶ
571 3095 632 3163 μὴν
661 3093 870 3164 ἀμφιςβητεῑ
918 3098 980 3160 ἅμα
1006 3098 1041 3150 δὲ
1071 3107 1097 3150 ot
1119 3101 1224 3152 doLat.
1249 3103 1404 3153 simul-

387 3183 422 3232 γε
441 3165 481 3232 Γ.]
506 3161 699 3230 Ἀμφιςβηιοῑν
716 3166 759 3216 hio
777 3173 817 3216 ost
833 3169 867 3216 in
918 3167 1018 3217 simul
1042 3184 1067 3217 v.
1090 3168 1124 3218 od
1145 3168 1277 3220 Phaedon.
1300 3185 1326 3236 p.
1346 3169 1405 3223 108.

388 3233 486 3283 aliam
526 3235 727 3284 sententiam
762 3234 867 3285 disoe-
918 3235 952 3284 D.
975 3234 1015 3285 od.
1037 3241 1116 3286 nostr.
1141 3239 1248 3287 —Pro
1273 3242 1331 3287 τοῦ
1352 3235 1402 3288 ‹ii-

388 3299 867 3368 dontemoontendoro,utsaopo.
918 3303 984 3351 ίαν
1026 3299 1142 3366 ἄρχειν
1177 3303 1404 3356 Heindorfius

918 3374 964 3420 τοῦ
974 3374 1026 3420 τῶν
1036 3367 1121 3420 ἄλλων
1134 3367 1225 3436 ἄρχειν
1235 3372 1404 3424 scribendum

420 3436 454 3486 D.
488 3436 540 3485 καί
583 3434 617 3485 σὲ
659 3433 868 3503 δημιουργὸν
918 3438 1044 3502 coniecit,
1083 3453 1192 3504 eamque
1227 3441 1405 3491 coniecturam

386 3497 477 3553 εἶναι
500 3500 613 3569 αὐτοῦ]
655 3504 868 3554 Dofloxitoro-
919 3506 1164 3572 Coraesreoepit.
1191 3506 1242 3557 Sed
1260 3508 1310 3558 etsi
1327 3508 1404 3559 Bodl.

385 3571 466 3621 iativo
492 3572 644 3636 pronomine
670 3570 703 3620 ad
725 3587 802 3621 usum
826 3571 868 3622 de·
918 3573 1023 3623 Routhii
1036 3589 1082 3639 pro
1092 3580 1137 3624 τοῦ
1146 3571 1403 3627 ἄλλωνοκίιίοαῐτών

385 3639 556 3689 monstrativi.
590 3639 709 3688 Debebut
726 3641 794 3689 enim
812 3655 868 3704 per·
918 3637 1015 3701 ἄλίων,
1047 3648 1134 3692 tumen
1156 3642 1291 3708 vulgatam
1314 3644 1404 3695 lectio·

385 3722 446 3772 gero
460 3708 512 3756 sio:
532 3706 574 3756 καὶ
588 3698 621 3755 οὗ
636 3706 666 3756 σὲ
678 3704 730 3773 φῂς
742 3707 867 3774 δημιουρ·
918 3724 976 3759 nom
986 3710 1147 3760 retinendam
1157 3710 1314 3762 iudicamus.
1332 3712 1404 3775 Quid

385 3771 435 3839 γὸν
452 3767 529 3823 εἶναι.
573 3773 623 3823 Sed
639 3775 707 3824 nihil
723 3775 773 3825 hoo
789 3776 868 3826 usito·
919 3777 987 3826 onim
1009 3783 1060 3839 ost,
1087 3777 1157 3842 quod
1183 3779 1324 3829 articulum
1349 3786 1404 3830 τῶν

385 3844 446 3903 tius,
463 3841 510 3891 ubi
526 3841 663 3892 relativum
682 3842 732 3892 alio
750 3858 814 3893 casu
830 3860 869 3893 ro·
918 3846 947 3893 in
958 3844 1007 3895 hoo
1019 3846 1147 3895 sententio
1159 3845 1314 3896 abessenon
1324 3863 1402 3913 posse

386 3909 525 3976 petendum
547 3915 622 3959 ossei.
662 3908 766 3959 Phileb.
783 3927 808 3975 p.
826 3909 867 3961 12.
918 3927 978 3961 oum
1000 3912 1204 3963 Heindorfio
1227 3912 1404 3966 arbitremur?

387 3978 422 4026 B:
443 3971 714 4044 ἣνὸδεἈφροδίτην
728 3976 777 4037 μὲν
797 3976 866 4043 λέγε-
917 3980 998 4029 Estne
1021 3980 1085 4030 satis
1108 3986 1177 4031 recto
1194 3980 1307 4044 dietum,
1332 3982 1403 4048 quod

389 4046 457 4094 σθαί
477 4059 556 4129 φγοι,
586 4042 613 4093 τὸ
643 4040 664 4092 δ’
691 4039 868 4108 ἀληθέστατον
919 4047 1029 4112 Gorgias
1061 4053 1142 4098 ortum
1176 4047 1332 4100 rhetoricam
1365 4052 1404 4101 ait

387 4108 486 4178 αὐτῆς
504 4128 587 4172 ονομα
598 4107 718 4178 Ἡδονὴν
732 4104 809 4161 εἶναι.
828 4115 867 4163 Do
917 4114 967 4163 hoo
984 4113 1100 4177 officere,
1118 4121 1148 4166 ut
1164 4115 1248 4166 aliis
1265 4116 1404 4183 impero-

386 4179 495 4244 Republ.
520 4195 546 4244 p.
563 4177 622 4230 505.
639 4180 675 4229 E:
698 4175 712 4227 ὃ
732 4177 764 4245 δὴ
783 4176 868 4230 διαίκει
917 4197 985 4231 mus
1008 4181 1041 4231 in
1067 4198 1125 4233 sua
1148 4183 1293 4248 quisque
1320 4186 1404 4237 oiri·

385 4246 435 4306 μὲν
463 4244 551 4296 ἅπασα
580 4245 648 4313 ιγνχὴ
677 4247 720 4297 καί
750 4245 866 4298 τούτου
917 4250 1006 4300 tato?
1029 4266 1063 4300 an
1085 4250 1141 4301 ullo
1159 4257 1313 4317 argumento
1331 4252 1404 4305 effici

386 4312 462 4362 ἕνεκα
479 4310 563 4364 πάντα
581 4312 692 4379 πράττει.
715 4315 824 4365 Laohet.
841 4332 866 4380 p.
916 4317 1022 4382 poterit,
1044 4323 1074 4368 nt
1090 4318 1229 4371 dicendum
1245 4318 1329 4375 fuim
1346 4335 1405 4379 oro·

386 4377 492 4431 loun:
519 4378 592 4432 ὃκαὶ
609 4381 684 4449 ἐντῷ
697 4382 865 4449 τρέχεινινγ-
917 4383 1007 4435 damus
1052 4384 1174 4438 ceteris
1213 4388 1406 4455 inperare?
