3242 5259
560 585 745 645 GORGIAS.
768 588 801 647 P.
826 591 895 646 512.
918 589 964 647 ed.
988 589 1030 649 st.

1242 598 1303 651 295

277 744 369 810 ἔστιν
390 749 408 812 ὃ
429 747 491 829 ἐγὼ
510 744 611 829 λέγει,
640 743 707 811 att'
728 741 807 813 αὐτὸ
827 749 916 813 τοῦτ’
938 747 1023 814 ἔστιν
1043 750 1155 834 αἱρετή,
1187 755 1223 818 τὸ
1244 755 1302 817 σό-

279 849 348 923 ζειν
370 845 470 910 αὐτόν
490 846 544 909 καὶ
565 845 603 909 τὰ
625 843 743 910 ἑαυτοῦ
765 851 844 910 ὄντα
860 846 972 922 ὁποῖός
988 870 1036 921 τις
1052 845 1151 930 ἔτυχε,
1173 848 1302 932 καταγέ-

278 945 397 1018 λαστός
426 959 478 1009 σοι
504 944 522 1007 ό
550 945 654 1025 ψόγος
679 946 823 1025 γίγνεται
847 944 901 1008 καὶ
929 955 1151 1028 μηχανοποιοῦ
1182 948 1236 1010 καὶ
1257 949 1302 1010 ἰα-

280 1051 363 1121 τροῦ
392 1041 446 1105 καὶ
472 1044 538 1105 τῶν
571 1046 678 1106 ἄλλων
705 1047 843 1125 τεχνῶν,
877 1036 950 1106 ὐσαι
978 1051 1038 1107 τοῦ
1068 1045 1180 1121 σώζειν
1208 1043 1302 1108 ἕνεκα

281 1141 482 1222 πεποίηνται.
504 1136 589 1217 ἀλλ’,
621 1132 820 1222 ὦμακύοιε,
853 1134 931 1219 ὅρα,
962 1138 1005 1224 μὴ
1026 1144 1104 1205 ἄλλο
1125 1165 1155 1205 τι
1175 1142 1211 1205 τὸ
1232 1163 1300 1223 γεν-

280 1243 379 1302 ναῖον
406 1235 461 1301 καὶ
487 1238 523 1301 τὸ
553 1238 682 1319 ἀγαθὸν
708 1234 729 1319 ᾖ
757 1248 817 1301 τοῦ
851 1239 962 1315 σώζειν
989 1261 1022 1302 τε
1047 1237 1104 1302 καὶ
1133 1240 1300 1317 σώζεσθαι.
1329 1270 1337 1278 ·

280 1334 327 1418 μὴ
347 1335 409 1416 γὰρ
426 1331 606 1416 τοῦτομὲν,
626 1339 662 1398 τὸ
681 1338 753 1417 ζῆν·
774 1335 897 1400 ὁπόσον
914 1334 948 1399 δὲ
967 1329 1102 1418 χρόνον,
1122 1339 1181 1401 τόν
1202 1359 1236 1417 γε
1258 1338 1302 1412 ὡς
1326 1350 1355 1413 Ε

281 1435 414 1515 ἀληθῶς
442 1433 545 1513 ἄνδρα
573 1431 683 1496 ἐατέον
706 1432 770 1496 ἐστὶ
791 1432 845 1496 καὶ
874 1425 915 1496 οὐ
936 1433 1193 1516 φιλοψυχητέον,
1221 1434 1302 1499 ἄλλα

282 1528 498 1612 ἐπιτρέψαντα
518 1529 591 1609 περὶ
618 1532 742 1593 τούτων
770 1539 814 1611 τῷ
835 1537 902 1610 θεῷ
922 1529 978 1594 καὶ
998 1533 1213 1597 πιστεύσαντα
1233 1538 1302 1608 ταῖς

280 1745 331 1815 γὰρ
352 1752 427 1798 τοῦτο
445 1746 502 1808 μέν,
520 1743 548 1796 τὸ
567 1748 617 1813 ζῆν
635 1743 771 1812 όττοσονδῆ
787 1765 827 1812 χρ.
845 1748 896 1798 Sed
912 1754 983 1798 reete
996 1746 1098 1799 ὁπόσον
1117 1749 1193 1815 dizo.
1213 1750 1301 1801 Clark.

282 1818 351 1879 Vnt,
369 1816 437 1880 quod
455 1830 527 1865 nunc
549 1817 660 1880 primum
684 1816 851 1865 restituimus.
886 1816 949 1867 lnde
973 1823 1057 1867 ortum
1080 1824 1119 1868 est
1141 1815 1243 1868 ὁπόσον
1262 1817 1304 1869 δεῖ

281 1886 342 1934 Par.
362 1884 449 1936 CIW.
467 1884 537 1933 Flor.
555 1899 577 1932 a.
596 1883 619 1932 d.
638 1883 657 1932 f.
674 1900 699 1932 x.
718 1889 744 1933 et
760 1899 797 1948 pr.
815 1900 849 1933 m.
867 1885 953 1934 BEF.
976 1886 1027 1935 Pro
1046 1885 1135 1936 ἐατέον
1153 1887 1301 1951 Stephanus

281 1953 372 2003 invitis
396 1950 470 2001 libris
494 1951 615 2001 omnibus
637 1952 742 2015 scripsit
765 1947 880 2005 εὐκτέον.
915 1954 1089 2004 Buttmaunua
1111 1953 1175 2003 olim
1196 1970 1242 2019 pro
1266 1952 1301 2021 μὴ

279 2020 330 2086 γὰρ
349 2019 516 2070 scribendum
532 2018 643 2084 putabat
659 2019 702 2068 nol
719 2015 778 2084 γάρ.
798 2020 1033 2071 Winckelmannus
1051 2022 1110 2075 Aet.
1128 2022 1187 2073 See.
1206 2023 1300 2073 Graec.

280 2237 414 2272 servare
445 2226 544 2284 atque
568 2221 708 2273 servari.
732 2221 765 2270 cf.

279 2292 369 2341 Rost.
390 2291 412 2350 ᾖ.
432 2286 488 2339 108.
507 2294 595 2338 annot.
613 2285 653 2337 19.

314 2353 435 2423 μὴγύρ
460 2354 648 2415 τοῦτομὲν,
667 2353 764 2404 -ἑα-

280 2425 356 2476 τέον
374 2422 454 2489 ἐστί]
473 2425 569 2473 Totum
584 2422 672 2473 locum
689 2424 767 2473 refert

279 2497 381 2544 Marc.
399 2492 556 2542 Antonin.
576 2491 674 2541 Corum.
692 2491 766 2541 adse

278 2564 367 2628 ipsum
401 2559 472 2610 Libr.
500 2560 558 2609 Vll.
597 2559 664 2611 Sect.
694 2559 765 2612 XVI.

279 2630 418 2680 Sententia
435 2625 573 2676 verborum
596 2628 659 2677 satis
677 2633 766 2692 aperta

279 2705 333 2748 est:
354 2698 446 2758 Nam,
471 2696 570 2759 inquit,
587 2694 676 2744 istud
700 2695 765 2760 qui-

278 2766 366 2827 dem,
390 2779 482 2828 quam
507 2763 564 2812 diu
587 2764 699 2824 vivas,
728 2764 765 2825 ei,

279 2834 336 2899 qui
361 2849 437 2881 vere
461 2830 512 2880 vir
539 2831 598 2891 sit,
625 2846 688 2880 uon
717 2845 765 2880 eu-

279 2900 419 2951 randnm
447 2903 510 2960 est,
539 2914 648 2962 neque
669 2898 765 2959 'vitae

280 2969 387 3020 amori
416 2966 677 3030 indulgendum,
710 2966 764 3016 sed

278 3036 486 3089 committere
508 3034 568 3084 hoc
593 3034 764 3084 debetdeo

278 3111 380 3167 atque
414 3102 516 3152 fidem
548 3101 672 3151 babens
705 3118 765 3152 mu·

277 3171 438 3223 lierculis
455 3169 698 3219 dictitantibus
716 3185 764 3219 ne-

278 3241 401 3290 minem
419 3239 523 3288 ullum
540 3252 641 3301 posse
658 3238 764 3288 fatum

278 3308 446 3372 effugere,
481 3303 600 3355 deinde
628 3304 661 3354 id
698 3322 764 3370 spe-

277 3381 384 3436 ctare,
420 3372 583 3438 quomodo
617 3378 666 3425 etc.
713 3374 764 3424 Sed

276 3445 400 3494 haeretur
416 3443 444 3491 in
462 3440 572 3506 vulgata
587 3441 699 3491 lectione
709 3457 764 3491 ver-

279 3511 373 3560 borum
391 3525 468 3574 supra
485 3508 608 3559 indicata.
631 3509 764 3574 Stepha-

276 3594 342 3629 nus
375 3577 406 3626 de
431 3577 588 3627 Cornarii
616 3577 765 3628 coniectura

278 3647 398 3711 reposuit
414 3641 522 3695 εὐκτέον
539 3643 608 3702 ἐστι’,
626 3645 694 3709 quod
711 3661 764 3695 non

277 3714 391 3765 debebat
407 3714 516 3776 probare
528 3712 763 3764 Heindorfius.

277 3784 348 3833 Nam
365 3787 394 3838 ut
411 3787 510 3830 taceam
531 3781 641 3830 formam
659 3777 764 3831 εὐκτέον

277 3849 418 3902 admodum
452 3864 509 3898 esse
536 3853 694 3913 suspectam,
732 3849 763 3898 de

278 3934 332 3984 qua
360 3932 388 3966 re
414 3915 465 3965 vid.
490 3917 632 3966 Bestius
653 3917 763 3982 Epistol.

278 3987 360 4036 critic.
383 4001 407 4050 p.
430 3982 488 4034 217.
515 3984 554 4034 ed.
578 3984 664 4049 Lipa,
695 3985 763 4035 male

278 4055 396 4119 profecto
414 4057 472 4116 post
490 4048 529 4116 μὴ
547 4048 597 4117 γὰρ
609 4080 643 4090 -
657 4048 763 4102 εὐκτέον

278 4123 369 4172 statim
391 4121 528 4170 inferretur
555 4121 598 4169 nul
627 4116 665 4169 οὐ
690 4122 762 4182 φιλο-

278 4187 430 4254 ψυχητέον.,
450 4188 580 4250 Quocirca
598 4188 763 4238 Buttman-

278 4273 341 4307 nus
364 4257 427 4306 olim
450 4255 616 4305 scribendum
635 4257 761 4306 coniecit:

279 4326 322 4375 καὶ
351 4322 402 4390 γὰρ
427 4350 460 4361 -
485 4321 575 4372 έιττέον
608 4322 678 4384 ἐστί,
711 4340 763 4388 qua

278 4395 429 4444 coniectura
450 4408 514 4443 sane
532 4393 674 4443 sententiae
696 4391 763 4442 bene

818 2220 970 2270 consulitur.
1023 2220 1074 2270 Sed
1113 2226 1199 2272 tamen
1238 2220 1300 2272 libri

818 2304 907 2338 omnes
924 2292 1071 2338 constanter
1081 2288 1116 2356 μή
1131 2295 1227 2340 tenent.
1250 2293 1300 2340 lta·

817 2356 953 2420 quoidam
975 2358 1016 2406 vir
1040 2356 1132 2407 doetus
1153 2364 1245 2422 postea
1265 2356 1301 2422 μή

818 2424 915 2474 dietum
937 2440 994 2474 esse
1018 2425 1120 2487 statuit,
1142 2426 1220 2475 sicuti
1242 2431 1301 2490 post

818 2489 868 2555 ὅρα
886 2499 912 2541 et
930 2490 1034 2542 δέδοικα
1051 2493 1115 2542 alibi
1129 2493 1231 2543 dieitur.
1251 2494 1300 2544 Ve-

817 2575 875 2609 rum
892 2575 941 2610 nec
963 2561 1028 2609 haec
1049 2562 1115 2610 ratio
1138 2568 1210 2611 earet
1226 2559 1300 2610 dubi-

818 2630 923 2677 tatione.
954 2628 1129 2690 Quamobrem
1146 2630 1299 2679 Herman-

817 2712 876 2745 nus
894 2711 976 2759 nuper
993 2696 1117 2747 audacter
1134 2696 1166 2747 de
1179 2713 1226 2747 suc
1237 2698 1299 2747 seri·
1337 2752 1341 2758 ¹

817 2764 882 2828 psit:
901 2759 952 2828 ἦδύ
969 2759 1018 2829 γὰρ
1038 2765 1175 2824 τοῦτομὲν
1193 2759 1218 2815 τύ
1237 2766 1298 2829 ζῆν·

817 2828 921 2880 ὁπόσον
944 2830 974 2881 δέ
990 2831 1089 2895 χρόνον
1113 2849 1134 2882 κ.
1154 2851 1174 2883 τ.
1191 2835 1211 2882 l.
1248 2833 1299 2889 Sed

817 2899 936 2964 displicet
959 2899 1028 2949 istud
1052 2896 1102 2967 ἡδὺ
1124 2916 1171 2965 pro
1189 2898 1223 2964 μὴ
1245 2910 1307 2950 non'

816 2967 892 3016 modo
916 2967 1041 3019 audaciae
1064 2971 1183 3031 nomine,
1209 2984 1299 3019 verum

817 3035 894 3085 etiam
917 3035 990 3097 ideo,
1014 3037 1076 3102 quia
1099 3037 1146 3087 illo
1168 3036 1298 3087 vocabulo

817 3105 1035 3169 argumentationi
1059 3105 1206 3155 obtruditur
1226 3106 1298 3155 notio

817 3188 833 3221 a
849 3187 876 3220 re
893 3172 951 3236 ipsa
967 3189 1038 3227 nune
1055 3173 1150 3222 aliena.
1166 3173 1222 3222 Nec
1237 3189 1298 3223 vero

816 3246 890 3289 muta
906 3255 972 3304 opus
990 3241 1040 3289 fuit
1057 3241 1207 3289 mutatione.
1242 3241 1297 3290 Imo

816 3307 883 3356 nihil
912 3307 962 3356 nisi
992 3304 1095 3356 ὁπόσον
1118 3305 1148 3356 δέ
1175 3322 1206 3355 ex
1232 3308 1297 3370 opti-

815 3376 865 3424 mis
883 3374 1015 3425 codicibus
1037 3374 1087 3422 fuit
1103 3372 1298 3436 restituendum,

816 3442 885 3506 quod
908 3457 979 3491 nune
1002 3441 1181 3491 revocavimus
1211 3457 1298 3492 emen·

816 3509 877 3560 data
911 3509 1048 3560 verborum
1082 3509 1299 3574 interpunctione.

816 3578 857 3627 Ita
879 3577 948 3626 enim
970 3577 1003 3627 ad
1027 3573 1060 3642 μὴ
1084 3574 1133 3643 γὰρ
1159 3582 1245 3634 τοῦτο,
1270 3572 1298 3628 τὸ

817 3648 883 3710 ζῆν,
917 3644 1115 3710 intelligendum
1142 3644 1297 3708 relinquitur

816 3714 876 3762 οἴου
910 3711 937 3764 τὸ
966 3709 1073 3779 ἀγαθὸν
1100 3713 1143 3763 καὶ
1174 3719 1298 3779 γενναῖον

816 3773 898 3840 εἶναι,
923 3782 974 3832 boe
996 3797 1087 3832 sensu:
1118 3779 1189 3830 noli
1212 3781 1295 3829 enim

814 3855 929 3913 putare
956 3850 1049 3900 istud
1081 3848 1224 3913 quidem,
1253 3849 1296 3897 ri-

815 3917 940 3966 delieet
969 3923 1004 3967 ut
1026 3918 1123 3967 vivas
1144 3916 1232 3981 (cuius
1258 3916 1297 3965 rei

815 3986 886 4035 notio
909 3987 962 4035 iam
983 3999 1135 4051 praegresso
1155 3980 1250 4046 σώζειν
1270 4000 1296 4032 τε

815 4052 857 4102 καὶ
883 4050 1016 4116 σώζεσθαι
1033 4051 1148 4101 indicata
1164 4051 1222 4115 est),
1244 4050 1296 4100 ho-

815 4126 946 4170 nestum
963 4128 1062 4184 atque
1080 4118 1294 4169 bonumeasc:

816 4189 877 4237 imo
890 4203 984 4252 quam
995 4188 1050 4236 diu
1061 4186 1162 4250 (vivat),
1174 4186 1206 4236 id
1218 4202 1294 4248 eum,

815 4256 870 4321 qui
903 4272 981 4306 vers
1009 4257 1058 4305 vir
1087 4255 1142 4315 sit,
1179 4269 1295 4303 curare

814 4329 1031 4389 nonoportet
1053 4327 1101 4373 etc.
1135 4319 1295 4387 Αᾱμὴγὰρ

816 4395 889 4442 τοῦτο
921 4390 970 4452 μέν
1002 4391 1071 4456 quod
1097 4389 1297 4457 intelligendum
