3242 5259
277 600 315 650 38
633 587 931 648 PROLEGOMENA

341 760 460 819 Censuit
481 758 571 833 igitur
592 758 782 834 philosophus
809 755 985 831 reipublicae
1007 754 1197 814 Atheniensis
1227 773 1294 814 con-

278 846 417 905 ditionem
447 848 512 919 post
540 843 617 901 bella
644 841 761 900 Persica
789 841 820 897 in
851 841 912 898 dies
940 840 1033 914 magis
1062 844 1227 914 corruptam
1263 857 1296 896 ac

279 932 466 1006 depravatam
487 944 558 986 esse.
601 929 794 1003 Posteaquam
816 925 902 995 enim,
923 925 1086 999 profligatis
1107 924 1296 981 barbarorum

280 1015 383 1090 copiis,
413 1011 589 1071 diutinnitas
610 1030 662 1086 par
684 1010 775 1068 otium
797 1014 827 1067 et
847 1008 1089 1086 tranquillitatem
1111 1007 1295 1064 confirmasse

280 1099 344 1158 visa
372 1103 430 1168 est,
466 1095 591 1172 populus
625 1094 814 1154 victoriamm
848 1098 1061 1168 reportaturum
1095 1091 1297 1165 magnitudine

280 1183 375 1241 elatus
413 1180 566 1256 pristinam
600 1174 739 1238 virtutem
775 1177 927 1253 paullatim
964 1176 1091 1235 abolevit
1128 1175 1298 1252 abiectaque

281 1268 380 1340 legum
400 1264 582 1340 publicarum
601 1262 765 1322 reverentia
787 1266 874 1339 atque
902 1261 1014 1335 patriae
1036 1260 1157 1318 caritate
1179 1265 1210 1318 et
1231 1279 1298 1317 con·

282 1355 374 1414 temta
395 1349 525 1408 virorum
552 1350 692 1406 bonorum
718 1366 752 1403 ac
772 1346 883 1421 patriae
904 1365 973 1404 vere
994 1344 1154 1402 amantium
1175 1343 1299 1402 anctori-

281 1439 343 1494 tate
366 1432 572 1508 cupiditatibus
601 1438 688 1509 atque
716 1430 796 1488 vitiis
825 1429 980 1500 avaritiae,
1010 1429 1103 1487 malae
1125 1428 1299 1499 ambitionis,

284 1517 411 1595 partium
439 1515 528 1574 studii
556 1516 628 1572 mire
661 1515 810 1588 indulgere
841 1513 980 1589 coepitss).
1024 1513 1155 1576 Quorum
1182 1512 1300 1590 quidem

285 1603 427 1673 malorum
449 1600 578 1657 omnium
599 1598 738 1672 originem
767 1604 796 1656 et
825 1617 956 1656 caussam
978 1598 1062 1656 Plato
1092 1599 1129 1655 ab
1150 1597 1208 1656 illis
1229 1596 1301 1672 ipsis

285 1684 356 1744 viris
378 1686 564 1759 repetendam
588 1682 743 1752 indicavit,
773 1682 824 1759 qui
849 1682 919 1740 belli
945 1687 1074 1758 tempore
1094 1701 1157 1739 sese
1179 1681 1301 1757 praesti·

285 1774 382 1828 terant
402 1770 489 1826 duces
509 1768 681 1826 fortissimos
703 1786 736 1824 ac
756 1767 1003 1842 prudentissimos.
1032 1769 1106 1824 Pace
1120 1766 1200 1823 enim
1216 1765 1302 1823 resti·

287 1860 353 1912 tuta
372 1853 417 1910 illi
437 1853 558 1910 nonita
578 1857 730 1925 gesserunt
755 1851 977 1926 rempublicam,
1005 1856 1039 1910 ut
1060 1850 1169 1910 civium
1191 1850 1303 1908 animos

289 1939 325 1996 ad
346 1936 574 2011 temperantiam,
596 1935 747 2006 iustitiam,
769 1935 894 2012 denique
916 1936 1056 1994 virtutem
1077 1935 1231 1993 flecterent
1252 1939 1303 1993 aut

287 2020 460 2092 sstrmarent,
490 2021 539 2078 sed
568 2039 667 2077 eorum
696 2020 903 2094 cupiditatibus
931 2020 1112 2078 blandientes
1140 2039 1195 2094 per¹
1220 2039 1304 2077 snam

288 2107 416 2182 ipsorum
436 2104 595 2164 lubidinem
615 2104 708 2162 multa
729 2104 894 2174 ambitiose,
918 2123 1020 2175 avare,
1051 2104 1161 2162 abiecte
1189 2108 1220 2162 et
1241 2103 1304 2161 sine

291 2190 432 2264 dignitate
453 2189 517 2246 fieri
538 2188 615 2263 passi
637 2193 713 2246 sunt.
748 2186 812 2250 Quo
834 2190 943 2246 facturn
957 2194 1017 2259 est,
1039 2194 1072 2246 ut
1086 2187 1211 2262 populus
1233 2189 1305 2245 adeo

231 2293 234 2302 ¹
291 2274 417 2331 iniustus
440 2278 470 2331 et
490 2273 573 2329 ferox
595 2272 763 2342 exsisteret,
792 2276 827 2330 ut
847 2272 912 2330 illos
934 2273 1031 2347 ipsos,
1056 2273 1161 2349 quibus
1190 2272 1305 2347 patriae

291 2359 456 2416 libertatem
471 2361 617 2431 acceptam
630 2356 782 2426 referebat,
796 2356 904 2414 iniuste
918 2357 1080 2427 mulctaret,
1093 2357 1307 2426 condemnaret,

292 2442 417 2519 denique
445 2445 583 2498 tractaret
611 2440 882 2513 contumelioserr).
925 2442 1028 2518 Neque
1055 2440 1143 2498 etiam
1171 2440 1307 2511 Pericles,

293 2526 344 2604 qui
364 2546 416 2601 per
437 2525 630 2602 quadraginta
658 2525 718 2582 fere
748 2543 839 2581 annos
865 2525 1040 2600 reipublicae
1068 2524 1209 2599 praefuit,
1239 2524 1309 2583 licet

292 2609 453 2686 prudentia,
468 2609 641 2686 eloquentia,
663 2609 840 2667 abstinentia
855 2615 963 2667 ceteros
975 2609 1060 2666 facile
1074 2607 1309 2683 superaretffl),

293 2695 323 2750 id
345 2694 400 2750 sibi
427 2694 570 2767 agendum
596 2693 726 2767 putavit,
756 2698 790 2751 ut
818 2694 972 2751 effrenatas
1000 2693 1107 2753 civium
1135 2693 1310 2768 cupiditates

295 2777 503 2851 temperantiae
532 2783 562 2833 ct
589 2777 719 2835 iustitiae
746 2777 836 2834 frenis
865 2778 1024 2848 cohiberet,
1055 2779 1105 2835 sed
1126 2776 1245 2835 licentia
1265 2776 1310 2833 in-

297 2860 476 2937 solentiaque
490 2859 709 2917 mirificeaucta
724 2880 772 2918 eos
787 2861 875 2919 etiam
895 2861 999 2936 pigros,
1021 2862 1150 2935 ignavos,
1169 2861 1310 2935 garrulos,

298 2963 400 3004 avaros
421 2942 596 3016 reddidit†),
625 2944 667 3000 ia
688 2950 722 3002 ut
742 2945 844 3002 referri
872 2946 974 3003 meritc
995 2951 1094 3020 posset
1121 2945 1198 3003 inter
1218 2945 1311 3004 malos

298 3028 452 3098 ministros,
474 3028 588 3104 quibus,
610 3048 700 3104 quum
721 3028 913 3104 inexplebiles
941 3030 1041 3105 populi
1061 3032 1159 3088 fauces
1181 3030 1311 3088 exaruis-

298 3118 364 3170 sent
384 3112 527 3170 libertatis
549 3112 612 3183 siti,
643 3131 713 3169 usus
734 3113 784 3170 ille
812 3133 872 3170 non
892 3115 1002 3171 modice
1030 3119 1238 3189 temperatam,
1260 3116 1312 3172 sed

300 3196 385 3255 nimis
413 3215 555 3253 meracam
583 3196 747 3256 libertatem
774 3197 875 3256 sitiens
904 3198 1062 3271 hausittt).
1119 3199 1313 3277 Posteaquam

300 3286 398 3340 autem
418 3280 506 3337 huius
527 3280 680 3355 imperium
700 3300 777 3339 mors
805 3282 917 3354 finivit,
946 3282 1032 3341 multi
1052 3283 1083 3340 in
1103 3302 1226 3340 vacuam
1247 3303 1312 3358 pos·

298 3366 456 3424 sessionem
477 3365 563 3423 unius
591 3364 766 3423 involarunt.
809 3366 902 3424 Nemo
931 3367 1009 3424 enim
1028 3367 1089 3425 fere
1110 3366 1206 3425 laudis
1233 3367 1312 3442 cupi-

299 3451 361 3508 dior
382 3449 546 3508 adolescens
572 3449 706 3507 nonsibi
729 3451 765 3506 ad
791 3450 921 3524 publicos
947 3453 1069 3510 honores
1097 3453 1312 3529 consequendos

299 3535 395 3592 studio
416 3533 494 3590 omni
515 3533 683 3591 enitendum
703 3534 828 3608 putavit.
869 3533 946 3597 Quid
968 3537 1045 3612 quod
1065 3536 1197 3612 plerique
1220 3535 1312 3594 civilis

299 3618 419 3676 rationis
439 3636 556 3692 prorsus
577 3617 678 3690 ignari,
701 3619 750 3695 qui
772 3639 868 3696 neque
889 3619 1106 3678 exercitationis
1128 3620 1218 3677 ullam
1235 3621 1313 3679 viam

298 3701 420 3776 ingressi
448 3706 558 3772 essent,
587 3721 681 3779 neque
710 3702 827 3779 aliquod
857 3711 1043 3780 praeceptum
1071 3704 1142 3763 artis
1171 3709 1311 3775 tenerent,

299 3847 501 3858 -.ῳ-*-

350 3934 374 3996 *)
394 3933 467 3983 Gonf.
485 3903 566 3998 Legg.
584 3930 640 3986 701,
661 3933 690 3981 B.
709 3931 738 3986 0.

350 4018 449 4077 1111)1)θ
472 4017 514 4066 his
542 4015 662 4065 omnibus
691 4017 788 4080 passim
817 4018 845 4065 in
869 4017 966 4084 Gorgia
989 4019 1084 4071 mantio
1107 4020 1237 4084 inlicitur,
1265 4019 1316 4069 vid.

298 4101 322 4149 p.
340 4083 484 4136 513-518.

244 4174 246 4179 '
348 4169 404 4230 ***)
422 4169 455 4218 V.
473 4166 581 4218 Phaedr.
599 4184 623 4232 p.
640 4164 699 4218 269.
717 4168 834 4234 Sympos.
852 4185 876 4234 p.
895 4167 952 4221 215.
971 4172 1001 4221 E.

351 4253 378 4312 †)
398 4252 519 4316 Gorgjp.
538 4250 596 4302 515.
614 4253 644 4301 Ε.
664 4267 715 4314 seq.

219 4384 221 4389 ,
350 4335 394 4397 ††)
414 4335 481 4383 Sunt
502 4338 582 4385 verba
605 4336 738 4386 Ciceronis
762 4337 792 4387 de
817 4336 926 4402 Republ.
951 4339 980 4401 I,
1003 4335 1054 4402 43,
1076 4354 1201 4405 expressa
1218 4338 1266 4389 illa
1283 4352 1316 4388 ex

301 4399 367 4450 Plat.
384 4403 446 4466 Rap.
463 4402 535 4454 Vlll.
553 4419 577 4468 p.
596 4402 653 4455 562.
676 4404 705 4455 Ο.
