3242 5259
361 601 421 655 300
766 594 963 654 PLATONIS

360 758 544 838 βελτίστους
569 752 688 831 αὐτοὺς
714 748 792 830 τοὺς
820 756 951 830 πολίτας
981 765 1172 830 ποιοῦντας,
1207 759 1289 820 ἄνευ
1316 755 1374 838 γὰρ

360 852 400 937 δὴ
426 856 562 929 τούτου,
600 854 643 929 ῶς
671 853 706 916 ἐν
732 858 801 928 τοῖς
831 850 1013 935 ἔμπροσθεν
1042 853 1252 934 εὑρίσκομεν,
1281 848 1375 918 οὐδὲν

277 960 340 1022 514
361 957 477 1034 ὄφελος
498 956 598 1034 ἄλλην
619 946 803 1035 εὐεργεσίαν
824 944 978 1033 οὐδεμίαν
1008 948 1220 1031 προςφέρειν,
1251 949 1310 1014 ἐὰν
1335 951 1375 1032 μὴ

360 1050 441 1132 καλὴ
468 1050 599 1132 κάναδὴ
627 1051 649 1133 ἡ
676 1051 803 1114 διάνοια
835 1045 853 1130 ἦ
881 1054 948 1113 τῶν
974 1050 1156 1129 μελλόντων
1184 1048 1206 1130 ἢ
1235 1050 1375 1131 χρήματα

360 1148 463 1214 πολλὰ
483 1148 659 1229 λαμβάνειν
686 1147 748 1228 β’
729 1149 831 1230 αρχήν
851 1171 950 1211 τινων
969 1148 990 1230 ἢ
1011 1151 1112 1229 άλλην
1131 1147 1318 1228 δύναμιν
1295 1170 1374 1229 ηντι

360 1256 450 1310 νοῦν.
472 1250 583 1327 θῶμεν
604 1244 706 1319 οὕτως
726 1241 824 1326 ἔχωνς
846 1248 950 1308 ΚΑΛ.
977 1245 1075 1308 Πάνυ
1095 1266 1140 1325 ys,
1161 1245 1192 1307 εἴ
1206 1259 1258 1308 σοι
1275 1245 1374 1328 ἥδιον.

361 1346 439 1407 ΣΩ.
469 1344 511 1405 Εἰ
539 1337 601 1407 οὗν
629 1347 872 1424 παρεκαλοῦμεν
907 1344 1081 1425 ἀλλήλους,
1119 1343 1146 1405 oi
1176 1344 1374 1416 Καλλίκλεις,

361 1441 497 1524 δημοσίᾳ
524 1441 708 1522 πράξαντες
724 1443 790 1503 τῶν
819 1444 993 1505 πολιτικῶν
1021 1440 1239 1522 πραγμάτων,
1269 1439 1321 1504 ἐπὶ
1341 1440 1375 1504 τὰ

361 1539 556 1619 οίκοδομικά,
578 1539 597 1620 ἢ
619 1542 731 1620 τειχῶν
751 1538 771 1619 ἢ
793 1539 937 1617 νεωρίων
956 1538 977 1619 ἢ
999 1538 1094 1617 ἱερῶν
1114 1535 1166 1601 ἐπὶ
1186 1538 1228 1602 τά
1248 1538 1379 1621 μέγιστα

361 1638 614 1719 οἰκοδομήματα,
644 1637 781 1715 πότερον
810 1633 870 1699 ἔδει
901 1635 943 1700 διν
969 1636 1053 1718 ἡμᾶς
1080 1635 1267 1713 σκέψασθαι
1297 1637 1375 1719 ἡμεῖς

411 1844 517 1896 Ρ.514,
536 1846 681 1910 δημοσιᾳ
699 1842 785 1909 πράξ
791 1844 903 1908 avios]
923 1845 955 1894 V
973 1842 1127 1908 πράξοντες,
1146 1845 1217 1910 quod
1236 1846 1373 1899 Hermann.

361 1913 438 1964 unios
460 1912 560 1979 probat.
612 1913 662 1962 Sed
695 1929 790 1978 magno
819 1928 950 1964 consensu
975 1913 1054 1963 Vind.
1083 1913 1107 1964 6.
1137 1915 1198 1962 Pur.
1220 1915 1374 1964 BCEFW.

361 1981 430 2034 Flor
454 1997 477 2030 ε..
508 1987 534 2030 et
559 1997 597 2046 pr.
627 1981 716 2030 Clark.
744 1982 804 2030 Vat.
834 1982 913 2031 Coisl
943 1978 1088 2044 πράξαντες
1117 1984 1243 2031 εοιὶε1ιιιιι
1269 1989 1374 2032 tuentur.

361 2066 385 2098 v.
403 2050 524 2115 explieat.
556 2051 586 2098 In
604 2049 674 2098 Flor.
691 2049 715 2098 d.
734 2051 861 2132 scriptun
881 2049 993 2114 δημοσίᾳ
1011 2067 1032 2098 τι
1049 2050 1145 2112 πρᾶξαι
1163 2055 1216 2099 τῶν
1234 2053 1374 2100 πολιτικῶν.

360 2119 392 2167 In
409 2118 509 2182 aliquot
526 2117 600 2167 codd.
618 2117 712 2167 desunt
729 2119 809 2168 verba
827 2121 879 2167 τῶν
896 2118 1030 2180 πολιτικῶν
1047 2114 1216 2183 πραγμάτων

360 2316 510 2377 regerentur
534 2327 550 2361 e
571 2307 741 2374 θεραπεύειν.
775 2310 844 2361 Nem
894 2315 948 2360 not.
982 2311 1072 2374 Neque
1096 2309 1249 2376 discrepant
1273 2311 1307 2362 ab
1328 2311 1374 2361 hoo

361 2379 505 2429 infinitivus
514 2379 696 2444 exphoatioms
705 2383 764 2443 gra
754 2377 844 2427 ud1a
894 2393 944 2428 usu
972 2379 1102 2444 participii
1133 2379 1211 2429 taliae
1247 2380 1374 2430 Phaedon.

361 2447 429 2496 ditur
445 2447 531 2497 hisee:
550 2445 723 2511 ἐπιχειρητέον
741 2444 795 2496 ἐστὶ
816 2450 844 2510 τῇ
894 2463 919 2512 p.
938 2444 994 2497 102,
1013 2448 1052 2495 D:
1071 2445 1135 2528 λέγω
1155 2447 1186 2497 δὲ
1204 2444 1310 2498 τοῦδ’”
1295 2465 1373 2505 ενεκα,

362 2510 433 2565 πόλει
451 2514 494 2564 καὶ
513 2522 566 2567 τοῖς
585 2516 713 2570 πολιᾛιαις
737 2519 767 2563 ut
788 2514 843 2579 ple·
894 2511 1056 2578 βουλόμενοι
1074 2512 1148 2577 δόξαι
1166 2513 1244 2564 ool*
1227 2533 1295 2579 οπερ
1314 2515 1373 2575 ἐμοί.

361 2600 394 2666 up
412 2583 465 2633 diei
478 2583 590 2646 potuerit
601 2583 678 2631 enom
690 2583 740 2632 hoo
752 2582 844 2631 modo
894 2582 1112 2631 Parmenid.1n.·
1142 2580 1254 2646 πάρειμί
1281 2601 1310 2649 γε
1338 2579 1373 2632 ἐπ’

362 2649 425 2702 ῶειιι
447 2647 543 2703 αυιοδε
568 2647 734 2712 θεραπεύειν,
769 2651 844 2699 Ριοι·
895 2667 958 2699 ανιο
970 2667 1053 2708 τουτο
1074 2647 1322 2714 δεησομενοςιμιοι
1317 2653 1374 2700 κτλ

362 2734 406 2767 sus
424 2718 514 2767 eudem
532 2725 572 2768 est
583 2717 719 2767 verborum
734 2724 843 2767 structu·

362 2801 391 2835 ra
421 2787 461 2835 De
484 2786 658 2869 Repub13111
681 2802 705 2849 p.
728 2784 828 2836 416.A

362 2851 521 2917 ἐπιχειρῆσαι
550 2859 602 2904 τοῖς
630 2821 840 2917 προβάτοις.
795 2870 842 2902 κα-

362 2926 495 2985 κουργεῖν
514 2919 612 2969 Criton.
629 2937 654 2984 p.
671 2919 713 2969 52.
731 2922 766 2968 Β.
785 2917 842 2970 οὐδ’

279 3038 285 3049 ,
363 2986 492 3046 ἐπιθυμία
518 3001 547 3035 σε
569 2984 644 3051 ἄλλης
669 2983 768 3040 πόλεως
786 2984 842 3037 οὐδ’

362 3052 472 3138 dllww
458 3053 546 3113 νόμων
557 3053 766 3118 ἔλαβενείδὲναι,
784 3056 810 3103 h
821 3071 843 3104 ε,

363 3117 459 3174 αὐτοὺς
476 3121 583 3172 εἰδέναι
616 3121 759 3186 Phuedr.p
761 3120 843 3175 ..211

363 3190 392 3240 0.
410 3191 483 3255 Legg
484 3189 588 3254 ..pIIl
591 3187 671 3239 ..700
691 3189 719 3238 0,
742 3191 843 3254 VIlp.

363 3255 420 3308 190,
439 3206 483 3306 Dg
490 3257 568 3322 XI.p
571 3255 653 3307 ,941.
672 3259 703 3306 D.
722 3258 842 3321 DeRep.

361 3327 410 3375 III.
433 3342 457 3390 p.
480 3323 537 3375 407
557 3325 585 3375 0
618 3325 685 3374 Tim.
702 3341 728 3389 p.
744 3323 785 3376 33
804 3326 843 3386 0

361 3393 408 3444 ubi
430 3393 552 3444 eonsules
581 3398 669 3442 annot.
691 3399 770 3445 nostr.
798 3393 843 3442 Vi·

361 3462 453 3513 delicet
471 3463 548 3511 etiam
566 3461 593 3509 in
606 3460 703 3510 talibus
719 3462 843 3511 confusae

361 3536 422 3580 sunt
444 3529 509 3579 duee
533 3530 745 3580 constructiones
776 3530 843 3579 Nam

273 3596 274 3600 ’
360 3603 405 3648 aut
426 3597 571 3647 infinitivus
598 3597 755 3646 omittendus
778 3603 841 3658 erat,

361 3671 405 3716 aut
427 3664 564 3715 dicendum
574 3662 767 3746 ἐπιχειρητέον
795 3664 843 3730 τήν

362 3732 437 3784 πόλιν
464 3733 505 3783 καὶ
538 3727 597 3783 τοδε
626 3734 729 3783 πολίτας
758 3733 842 3795 θ·ερα

362 3798 459 3851 πεάειν.
479 3800 529 3850 Sed
547 3806 632 3848 servet
633 3816 648 3849 o
622 3799 746 3849 tdativo
763 3801 843 3850 etiam

360 3869 506 3919 infinitivus
524 3867 653 3917 adiicitur.
681 3868 771 3930 Itaque
789 3884 842 3918 non

360 3939 440 4002 probo
458 3934 693 3985 Heindorfium
719 3940 777 3998 post
795 3953 841 3984 πο-

361 4006 439 4056 λίταις
472 4008 599 4054 commate
633 4002 844 4067 distinguentem.

336 4123 339 4128 ,
360 4073 495 4122 Proxima:
515 4067 550 4122 ῶε
568 4071 717 4133 βελτίστους
735 4098 768 4106 -
787 4089 843 4121 ποι-

362 4146 469 4199 οῦνται,
493 4138 582 4189 addito
599 4145 671 4222 sunt„
677 4139 730 4200 sio,
755 4144 783 4187 ut
800 4139 843 4188 de-

362 4208 461 4257 clarent
477 4208 531 4255 vim
547 4207 621 4256 vocis
638 4204 729 4258 οὕτως,
761 4208 843 4256 Phae-

363 4274 420 4324 don.
444 4292 468 4340 p.
486 4274 527 4326 59
551 4275 589 4323 A:
615 4271 709 4338 σχεδόν
733 4293 753 4323 ιι
776 4273 842 4324 οὕτω

364 4341 526 4402 διεκείμεθα,
559 4339 602 4392 ὁτὲ
632 4343 682 4402 μὲν
709 4343 843 4407 γελῶντες,

364 4407 448 4460 ἐνίοτε
467 4411 497 4461 δὲ
515 4407 683 4472 δακρύοντες,
702 4409 748 4459 ubi
762 4428 785 4461 v.
799 4428 844 4462 an·

895 2720 935 2767 De
965 2719 1114 2767 accusativo
1148 2723 1289 2771 ποιοῦντας
1322 2724 1375 2784 post

895 2785 1011 2834 dativum
1038 2785 1112 2835 illuto
1129 2801 1154 2834 v.
1177 2786 1247 2852 edp
1249 2785 1331 2840 ,492
1347 2788 1374 2838 B.

895 2859 963 2916 etp.
980 2851 1038 2902 512.
1056 2854 1089 2902 D

929 2921 958 2980 Ρ.
980 2919 1038 2971 514.
1074 2918 1134 2970 ἐὰν
1161 2919 1201 2986 μὴ
1224 2918 1304 2988 καλὴ
1329 2917 1374 2971 κά-

896 2976 985 3053 γαδὴ
1019 2983 1035 3054 ἡ
1074 2987 1106 3069 3.]
1157 2989 1284 3039 Poterant
1316 2989 1376 3039 haee

895 3055 1027 3106 commode
1051 3057 1148 3139 oipitti,
1175 3072 1257 3120 quum
1280 3074 1375 3122 praeeo

894 3119 980 3174 dat'
964 3141 1030 3172 ανευ
1051 3121 1102 3189 γὰρ
1127 3120 1159 3188 δὴ
1187 3125 1290 3174 τούτου.
1329 3124 1375 3175 sed

895 3198 983 3241 emunt
1017 3192 1110 3241 Graeci
1145 3192 1215 3242 hano
1253 3193 1375 3243 sermonis

893 3259 1045 3309 ubertatem.
1070 3258 1122 3311 vid.
1141 3260 1257 3309 Matth.
1281 3263 1304 3322 β.
1321 3259 1375 3311 636

929 3327 961 3376 εί
982 3342 1036 3376 σοι
1058 3324 1173 3393 ἥδιον]
1210 3328 1293 3378 Addit
1314 3329 1375 3377 haee

894 3411 953 3446 eum
982 3394 1102 3444 irrisione
1129 3395 1324 3459 significaturus
1351 3411 1376 3445 se

893 3479 947 3512 non
968 3479 1002 3512 ex
1025 3463 1106 3512 enimi
1132 3465 1264 3513 sententie
1289 3479 1375 3514 oenoe·

894 3530 953 3580 dero
970 3531 1082 3593 Socrati,
1109 3530 1154 3579 sed
1178 3536 1210 3580 ut
1234 3533 1260 3581 ei
1277 3538 1375 3598 gratum

893 3600 983 3648 faeiat.

929 3667 1074 3731 δημοσίᾳ
1096 3663 1289 3729 πράξαντες
1317 3672 1375 3717 τῶν

895 3733 1070 3783 πολιτικῶν
1087 3733 1305 3801 πραγμάτων]
1329 3736 1375 3785 Ge·

894 3803 992 3850 nitivns
1009 3808 1108 3866 purtem
1129 3801 1276 3866 significan
1299 3803 1375 3868 vulgo

893 3870 1045 3934 intelligunt
1072 3887 1100 3918 τι.
1151 3870 1271 3920 Plurima
1299 3870 1374 3920 huius

893 3939 996 4003 generis
1012 3936 1131 4001 exemplu
1148 3937 1257 4004 collegit
1270 3937 1374 3990 Fiseh.

894 4004 927 4055 od
944 4005 1051 4056 Wollsr.
1070 4005 1101 4053 Τ.
1119 4004 1166 4053 111,
1185 4007 1215 4055 Ρ.
1234 4003 1376 4086 111263.

895 4079 921 4122 et
937 4073 987 4121 viri
1002 4071 1079 4132 docti,
1096 4087 1162 4135 quos
1173 4072 1302 4135 laudavit,
1324 4072 1376 4138 qui·

894 4143 944 4190 bus
971 4139 1036 4189 adde
1065 4155 1132 4203 quae
1166 4143 1376 4191 commemoravit

895 4208 1098 4258 Sohseferus
1120 4206 1153 4256 ud
1169 4208 1303 4260 Lambert.
1320 4210 1374 4259 Bos.

895 4276 987 4340 Ellips.
1010 4292 1035 4340 p.
1058 4273 1109 4325 415
1131 4291 1185 4341 seq.
1222 4283 1300 4342 etque
1331 4292 1375 4325 nos

894 4345 945 4409 ipsi
962 4343 995 4394 ed
1012 4343 1086 4407 Reip.
1102 4343 1147 4392 IV.
1163 4359 1190 4425 p.
1208 4341 1268 4396 445.
1285 4346 1315 4397 Ε.
1333 4345 1375 4393 Vl.

894 4428 920 4478 p
936 4409 1036 4464 48511
1037 4412 1240 4477 .exposui1nus.
1257 4413 1308 4465 Pro
1322 4411 1375 4462 vul-
