<?xml version="1.0" encoding="UTF-8"?>
<!DOCTYPE html PUBLIC "-//W3C//DTD XHTML 1.0 Transitional//EN"
    "http://www.w3.org/TR/xhtml1/DTD/xhtml1-transitional.dtd">
<html xmlns="http://www.w3.org/1999/xhtml" xml:lang="en" lang="en">
 <head>
  <title>
</title>
<meta http-equiv="Content-Type" content="text/html;charset=utf-8" />
  <meta name='ocr-system' content='tesseract 3.04.00' />
  <meta name='ocr-capabilities' content='ocr_page ocr_carea ocr_par ocr_line ocrx_word'/>
</head>
<body>
  <div class='ocr_page' id='page_1' title='image "./platonisgorgias02platgoog_0058.png"; bbox 0 0 3242 5259; ppageno 0'>
   <div class='ocr_carea' id='block_1_1' title="bbox 278 586 1045 647">
    <p class='ocr_par' dir='ltr' id='par_1_1' title="bbox 278 586 1045 647">
     <span class='ocr_line' id='line_1_1' title="bbox 278 586 1045 647; baseline 0 0"><span class='ocrx_word' id='word_1_1' title='bbox 278 586 281 591; x_wconf 70' lang='grc'>’</span> <span class='ocrx_word' id='word_1_2' title='bbox 393 594 432 647; x_wconf 83' lang='grc'>46</span> <span class='ocrx_word' id='word_1_3' title='bbox 747 587 1017 647; x_wconf 80' lang='lat' dir='ltr'><strong>PROLEGOMEN</strong></span> <span class='ocrx_word' id='word_1_4' title='bbox 1018 592 1045 647; x_wconf 89' lang='lat' dir='ltr'>A</span> 
     </span>
    </p>
   </div>
   <div class='ocr_carea' id='block_1_2' title="bbox 361 757 1420 4297">
    <p class='ocr_par' dir='ltr' id='par_1_2' title="bbox 361 757 1420 3958">
     <span class='ocr_line' id='line_1_2' title="bbox 393 757 1405 835; baseline 0 -20"><span class='ocrx_word' id='word_1_5' title='bbox 393 763 481 835; x_wconf 89' lang='lat' dir='ltr'>atque</span> <span class='ocrx_word' id='word_1_6' title='bbox 502 757 565 814; x_wconf 93' lang='lat' dir='ltr'>illas</span> <span class='ocrx_word' id='word_1_7' title='bbox 588 760 673 827; x_wconf 84' lang='lat' dir='ltr'>artes,</span> <span class='ocrx_word' id='word_1_8' title='bbox 695 775 769 833; x_wconf 88' lang='lat' dir='ltr'>quae</span> <span class='ocrx_word' id='word_1_9' title='bbox 791 758 824 814; x_wconf 93' lang='lat' dir='ltr'>in·</span> <span class='ocrx_word' id='word_1_10' title='bbox 843 777 960 833; x_wconf 88' lang='lat' dir='ltr'>corpore</span> <span class='ocrx_word' id='word_1_11' title='bbox 974 759 1021 817; x_wconf 89' lang='lat' dir='ltr'>vel</span> <span class='ocrx_word' id='word_1_12' title='bbox 1044 757 1139 815; x_wconf 90' lang='lat' dir='ltr'>animo</span> <span class='ocrx_word' id='word_1_13' title='bbox 1154 758 1279 816; x_wconf 87' lang='lat' dir='ltr'>curando</span> <span class='ocrx_word' id='word_1_14' title='bbox 1301 777 1405 831; x_wconf 83' lang='lat' dir='ltr'>cogno·</span> 
     </span>
     <span class='ocr_line' id='line_1_3' title="bbox 393 841 1405 919; baseline 0.001 -20"><span class='ocrx_word' id='word_1_15' title='bbox 393 847 506 899; x_wconf 82' lang='lat' dir='ltr'>sacrent</span> <span class='ocrx_word' id='word_1_16' title='bbox 526 841 596 918; x_wconf 94' lang='lat' dir='ltr'>quid</span> <span class='ocrx_word' id='word_1_17' title='bbox 617 843 723 898; x_wconf 87' lang='lat' dir='ltr'>bonum</span> <span class='ocrx_word' id='word_1_18' title='bbox 752 842 872 919; x_wconf 89' lang='lat' dir='ltr'>etquid</span> <span class='ocrx_word' id='word_1_19' title='bbox 893 843 1002 900; x_wconf 89' lang='lat' dir='ltr'>malum</span> <span class='ocrx_word' id='word_1_20' title='bbox 1023 849 1107 901; x_wconf 90' lang='lat' dir='ltr'>esset.</span> <span class='ocrx_word' id='word_1_21' title='bbox 1143 844 1183 901; x_wconf 85' lang='lat' dir='ltr'>Et</span> <span class='ocrx_word' id='word_1_22' title='bbox 1202 843 1267 900; x_wconf 89' lang='lat' dir='ltr'>illas</span> <span class='ocrx_word' id='word_1_23' title='bbox 1286 842 1405 919; x_wconf 92' lang='lat' dir='ltr'>quidem</span> 
     </span>
     <span class='ocr_line' id='line_1_4' title="bbox 393 925 1405 1004; baseline -0.001 -19"><span class='ocrx_word' id='word_1_24' title='bbox 393 925 568 985; x_wconf 87' lang='lat' dir='ltr'>adulatorias</span> <span class='ocrx_word' id='word_1_25' title='bbox 588 925 833 1000; x_wconf 81' lang='lat' dir='ltr'><strong>nuncupavimus,</strong></span> <span class='ocrx_word' id='word_1_26' title='bbox 862 926 894 982; x_wconf 94' lang='lat' dir='ltr'>in</span> <span class='ocrx_word' id='word_1_27' title='bbox 915 947 1037 1004; x_wconf 89' lang='lat' dir='ltr'>quarum</span> <span class='ocrx_word' id='word_1_28' title='bbox 1058 947 1177 985; x_wconf 89' lang='lat' dir='ltr'>numero</span> <span class='ocrx_word' id='word_1_29' title='bbox 1198 932 1313 1002; x_wconf 87' lang='lat' dir='ltr'>praeter</span> <span class='ocrx_word' id='word_1_30' title='bbox 1333 927 1405 985; x_wconf 80' lang='lat' dir='ltr'>alias</span> 
     </span>
     <span class='ocr_line' id='line_1_5' title="bbox 393 1009 1402 1087; baseline 0.002 -20"><span class='ocrx_word' id='word_1_31' title='bbox 393 1012 538 1069; x_wconf 85' lang='lat' dir='ltr'>habentur</span> <span class='ocrx_word' id='word_1_32' title='bbox 557 1009 698 1086; x_wconf 82' lang='lat' dir='ltr'>imprimis</span> <span class='ocrx_word' id='word_1_33' title='bbox 721 1010 807 1068; x_wconf 87' lang='lat' dir='ltr'>ctiam</span> <span class='ocrx_word' id='word_1_34' title='bbox 836 1031 882 1068; x_wconf 85' lang='lat' dir='ltr'>ars</span> <span class='ocrx_word' id='word_1_35' title='bbox 903 1012 1012 1085; x_wconf 86' lang='lat' dir='ltr'>tragica</span> <span class='ocrx_word' id='word_1_36' title='bbox 1033 1018 1064 1070; x_wconf 88' lang='lat' dir='ltr'>et</span> <span class='ocrx_word' id='word_1_37' title='bbox 1085 1012 1158 1070; x_wconf 88' lang='lat' dir='ltr'>aliae</span> <span class='ocrx_word' id='word_1_38' title='bbox 1179 1012 1274 1087; x_wconf 89' lang='lat' dir='ltr'>poesis</span> <span class='ocrx_word' id='word_1_39' title='bbox 1295 1020 1402 1087; x_wconf 83' lang='lat' dir='ltr'>partes.</span> 
     </span>
     <span class='ocr_line' id='line_1_6' title="bbox 394 1094 1404 1172; baseline -0.002 -16"><span class='ocrx_word' id='word_1_40' title='bbox 394 1094 475 1157; x_wconf 74' lang='lat' dir='ltr'>Quae</span> <span class='ocrx_word' id='word_1_41' title='bbox 490 1100 575 1166; x_wconf 86' lang='lat' dir='ltr'>certe,</span> <span class='ocrx_word' id='word_1_42' title='bbox 598 1095 701 1153; x_wconf 88' lang='lat' dir='ltr'>demtis</span> <span class='ocrx_word' id='word_1_43' title='bbox 715 1095 842 1152; x_wconf 89' lang='lat' dir='ltr'>numeris</span> <span class='ocrx_word' id='word_1_44' title='bbox 861 1101 891 1154; x_wconf 85' lang='lat' dir='ltr'>et</span> <span class='ocrx_word' id='word_1_45' title='bbox 905 1096 1044 1167; x_wconf 87' lang='lat' dir='ltr'>versibus,</span> <span class='ocrx_word' id='word_1_46' title='bbox 1066 1096 1140 1153; x_wconf 86' lang='lat' dir='ltr'>nihil</span> <span class='ocrx_word' id='word_1_47' title='bbox 1155 1097 1278 1172; x_wconf 89' lang='lat' dir='ltr'>amplius</span> <span class='ocrx_word' id='word_1_48' title='bbox 1297 1097 1404 1154; x_wconf 85' lang='lat' dir='ltr'>habere</span> 
     </span>
     <span class='ocr_line' id='line_1_7' title="bbox 393 1180 1420 1257; baseline 0.004 -20"><span class='ocrx_word' id='word_1_49' title='bbox 393 1180 562 1237; x_wconf 90' lang='lat' dir='ltr'>iudicandae</span> <span class='ocrx_word' id='word_1_50' title='bbox 584 1183 653 1237; x_wconf 91' lang='lat' dir='ltr'>sunt</span> <span class='ocrx_word' id='word_1_51' title='bbox 672 1199 759 1256; x_wconf 89' lang='lat' dir='ltr'>quam</span> <span class='ocrx_word' id='word_1_52' title='bbox 779 1180 923 1237; x_wconf 87' lang='lat' dir='ltr'>orationes</span> <span class='ocrx_word' id='word_1_53' title='bbox 951 1182 987 1238; x_wconf 90' lang='lat' dir='ltr'>ad</span> <span class='ocrx_word' id='word_1_54' title='bbox 1014 1181 1113 1257; x_wconf 93' lang='lat' dir='ltr'>populi</span> <span class='ocrx_word' id='word_1_55' title='bbox 1134 1180 1355 1239; x_wconf 89' lang='lat' dir='ltr'>oblectationem</span> <span class='ocrx_word' id='word_1_56' title='bbox 1377 1186 1420 1241; x_wconf 89' lang='lat' dir='ltr'>et.</span> 
     </span>
     <span class='ocr_line' id='line_1_8' title="bbox 392 1265 1405 1340; baseline -0.002 -16"><span class='ocrx_word' id='word_1_57' title='bbox 392 1265 573 1340; x_wconf 86' lang='lat' dir='ltr'>voluptatem</span> <span class='ocrx_word' id='word_1_58' title='bbox 601 1269 785 1339; x_wconf 87' lang='lat' dir='ltr'>comparatas.</span> <span class='ocrx_word' id='word_1_59' title='bbox 829 1265 939 1323; x_wconf 86' lang='lat' dir='ltr'>Eadem</span> <span class='ocrx_word' id='word_1_60' title='bbox 968 1285 1036 1325; x_wconf 91' lang='lat' dir='ltr'>vero</span> <span class='ocrx_word' id='word_1_61' title='bbox 1065 1265 1138 1324; x_wconf 88' lang='lat' dir='ltr'>ratio</span> <span class='ocrx_word' id='word_1_62' title='bbox 1167 1270 1213 1324; x_wconf 89' lang='lat' dir='ltr'>est</span> <span class='ocrx_word' id='word_1_63' title='bbox 1238 1265 1405 1326; x_wconf 74' lang='lat' dir='ltr'>rhetoricos.</span> 
     </span>
     <span class='ocr_line' id='line_1_9' title="bbox 393 1348 1406 1408; baseline 0 -2"><span class='ocrx_word' id='word_1_64' title='bbox 393 1350 470 1406; x_wconf 87' lang='lat' dir='ltr'>Nam</span> <span class='ocrx_word' id='word_1_65' title='bbox 499 1352 625 1406; x_wconf 88' lang='lat' dir='ltr'>oratores</span> <span class='ocrx_word' id='word_1_66' title='bbox 654 1348 779 1406; x_wconf 80' lang='lat' dir='ltr'>Athenis</span> <span class='ocrx_word' id='word_1_67' title='bbox 807 1354 837 1406; x_wconf 90' lang='lat' dir='ltr'>et</span> <span class='ocrx_word' id='word_1_68' title='bbox 874 1348 944 1407; x_wconf 91' lang='lat' dir='ltr'>alibi</span> <span class='ocrx_word' id='word_1_69' title='bbox 970 1349 1001 1406; x_wconf 89' lang='lat' dir='ltr'>in</span> <span class='ocrx_word' id='word_1_70' title='bbox 1030 1349 1214 1408; x_wconf 78' lang='lat' dir='ltr'>concionibus</span> <span class='ocrx_word' id='word_1_71' title='bbox 1241 1349 1316 1407; x_wconf 92' lang='lat' dir='ltr'>nihil</span> <span class='ocrx_word' id='word_1_72' title='bbox 1345 1350 1406 1407; x_wconf 85' lang='lat' dir='ltr'>fere</span> 
     </span>
     <span class='ocr_line' id='line_1_10' title="bbox 394 1433 1407 1510; baseline 0.001 -19"><span class='ocrx_word' id='word_1_73' title='bbox 394 1434 450 1491; x_wconf 90' lang='lat' dir='ltr'>nisi</span> <span class='ocrx_word' id='word_1_74' title='bbox 478 1433 584 1508; x_wconf 89' lang='lat' dir='ltr'>populo</span> <span class='ocrx_word' id='word_1_75' title='bbox 613 1433 767 1490; x_wconf 85' lang='lat' dir='ltr'>adulantur</span> <span class='ocrx_word' id='word_1_76' title='bbox 793 1452 847 1490; x_wconf 89' lang='lat' dir='ltr'>neo</span> <span class='ocrx_word' id='word_1_77' title='bbox 874 1453 943 1492; x_wconf 87' lang='lat' dir='ltr'>vero</span> <span class='ocrx_word' id='word_1_78' title='bbox 971 1433 1073 1510; x_wconf 89' lang='lat' dir='ltr'>optimi</span> <span class='ocrx_word' id='word_1_79' title='bbox 1101 1453 1203 1492; x_wconf 82' lang='lat' dir='ltr'>caussa</span> <span class='ocrx_word' id='word_1_80' title='bbox 1230 1433 1346 1491; x_wconf 91' lang='lat' dir='ltr'>dicunt:</span> <span class='ocrx_word' id='word_1_81' title='bbox 1376 1434 1407 1492; x_wconf 94' lang='lat' dir='ltr'>id</span> 
     </span>
     <span class='ocr_line' id='line_1_11' title="bbox 394 1517 1406 1595; baseline 0.001 -20"><span class='ocrx_word' id='word_1_82' title='bbox 394 1519 471 1595; x_wconf 94' lang='lat' dir='ltr'>quod</span> <span class='ocrx_word' id='word_1_83' title='bbox 492 1517 541 1575; x_wconf 84' lang='lat' dir='ltr'>vel</span> <span class='ocrx_word' id='word_1_84' title='bbox 561 1517 597 1573; x_wconf 95' lang='lat' dir='ltr'>de</span> <span class='ocrx_word' id='word_1_85' title='bbox 618 1517 782 1574; x_wconf 87' lang='lat' dir='ltr'>clarissimis</span> <span class='ocrx_word' id='word_1_86' title='bbox 811 1518 972 1576; x_wconf 89' lang='lat' dir='ltr'>oratoribus</span> <span class='ocrx_word' id='word_1_87' title='bbox 1002 1524 1033 1576; x_wconf 85' lang='lat' dir='ltr'>et</span> <span class='ocrx_word' id='word_1_88' title='bbox 1053 1518 1125 1577; x_wconf 90' lang='lat' dir='ltr'>viris</span> <span class='ocrx_word' id='word_1_89' title='bbox 1154 1519 1304 1589; x_wconf 82' lang='lat' dir='ltr'>civilibus,</span> <span class='ocrx_word' id='word_1_90' title='bbox 1334 1537 1406 1595; x_wconf 90' lang='lat' dir='ltr'>quos</span> 
     </span>
     <span class='ocr_line' id='line_1_12' title="bbox 396 1600 1407 1680; baseline 0 -21"><span class='ocrx_word' id='word_1_91' title='bbox 396 1602 531 1660; x_wconf 85' lang='lat' dir='ltr'>Athenae</span> <span class='ocrx_word' id='word_1_92' title='bbox 560 1601 711 1672; x_wconf 87' lang='lat' dir='ltr'>viderunt,</span> <span class='ocrx_word' id='word_1_93' title='bbox 740 1601 783 1659; x_wconf 88' lang='lat' dir='ltr'>ita</span> <span class='ocrx_word' id='word_1_94' title='bbox 809 1600 930 1659; x_wconf 88' lang='lat' dir='ltr'>iudicari</span> <span class='ocrx_word' id='word_1_95' title='bbox 957 1607 1085 1677; x_wconf 79' lang='lat' dir='ltr'><strong>oportet,</strong></span> <span class='ocrx_word' id='word_1_96' title='bbox 1114 1603 1165 1680; x_wconf 89' lang='lat' dir='ltr'>qui</span> <span class='ocrx_word' id='word_1_97' title='bbox 1193 1608 1269 1661; x_wconf 88' lang='lat' dir='ltr'>certe</span> <span class='ocrx_word' id='word_1_98' title='bbox 1298 1605 1407 1660; x_wconf 90' lang='lat' dir='ltr'>bonum</span> 
     </span>
     <span class='ocr_line' id='line_1_13' title="bbox 394 1686 1407 1765; baseline 0.001 -22"><span class='ocrx_word' id='word_1_99' title='bbox 394 1687 594 1760; x_wconf 79' lang='lat' dir='ltr'>neglexenrnt.</span> <span class='ocrx_word' id='word_1_100' title='bbox 622 1687 662 1744; x_wconf 86' lang='lat' dir='ltr'>Et</span> <span class='ocrx_word' id='word_1_101' title='bbox 681 1692 779 1743; x_wconf 89' lang='lat' dir='ltr'>tamen</span> <span class='ocrx_word' id='word_1_102' title='bbox 800 1686 886 1743; x_wconf 88' lang='lat' dir='ltr'>sicuti</span> <span class='ocrx_word' id='word_1_103' title='bbox 903 1686 934 1743; x_wconf 90' lang='lat' dir='ltr'>in</span> <span class='ocrx_word' id='word_1_104' title='bbox 954 1706 1127 1765; x_wconf 91' lang='lat' dir='ltr'>unoquoque</span> <span class='ocrx_word' id='word_1_105' title='bbox 1148 1706 1233 1762; x_wconf 86' lang='lat' dir='ltr'>opere</span> <span class='ocrx_word' id='word_1_106' title='bbox 1254 1687 1297 1746; x_wconf 90' lang='lat' dir='ltr'>ita</span> <span class='ocrx_word' id='word_1_107' title='bbox 1318 1687 1407 1746; x_wconf 86' lang='lat' dir='ltr'>etiam</span> 
     </span>
     <span class='ocr_line' id='line_1_14' title="bbox 395 1769 1406 1847; baseline 0.004 -21"><span class='ocrx_word' id='word_1_108' title='bbox 395 1771 425 1827; x_wconf 91' lang='lat' dir='ltr'>in</span> <span class='ocrx_word' id='word_1_109' title='bbox 446 1770 621 1845; x_wconf 89' lang='lat' dir='ltr'>reipublicae</span> <span class='ocrx_word' id='word_1_110' title='bbox 642 1769 850 1844; x_wconf 81' lang='lat' dir='ltr'>gubernatione</span> <span class='ocrx_word' id='word_1_111' title='bbox 871 1773 939 1828; x_wconf 89' lang='lat' dir='ltr'>ordo</span> <span class='ocrx_word' id='word_1_112' title='bbox 968 1778 998 1829; x_wconf 89' lang='lat' dir='ltr'>et</span> <span class='ocrx_word' id='word_1_113' title='bbox 1019 1776 1138 1829; x_wconf 89' lang='lat' dir='ltr'>omatus</span> <span class='ocrx_word' id='word_1_114' title='bbox 1159 1773 1332 1847; x_wconf 87' lang='lat' dir='ltr'>spectandus</span> <span class='ocrx_word' id='word_1_115' title='bbox 1361 1777 1406 1830; x_wconf 89' lang='grc' dir='ltr'>θεῖ</span> 
     </span>
     <span class='ocr_line' id='line_1_15' title="bbox 396 1848 1408 1931; baseline 0 -17"><span class='ocrx_word' id='word_1_116' title='bbox 396 1849 491 1929; x_wconf 79' lang='grc' dir='ltr'><strong><em>(τάξις</em></strong></span> <span class='ocrx_word' id='word_1_117' title='bbox 510 1852 558 1910; x_wconf 80' lang='grc' dir='ltr'>καὶ</span> <span class='ocrx_word' id='word_1_118' title='bbox 579 1848 717 1930; x_wconf 74' lang='grc' dir='ltr'>κόσμος),</span> <span class='ocrx_word' id='word_1_119' title='bbox 754 1854 817 1911; x_wconf 89' lang='lat' dir='ltr'>sina</span> <span class='ocrx_word' id='word_1_120' title='bbox 844 1873 902 1931; x_wconf 92' lang='lat' dir='ltr'>quo</span> <span class='ocrx_word' id='word_1_121' title='bbox 930 1855 1004 1912; x_wconf 92' lang='lat' dir='ltr'>nihil</span> <span class='ocrx_word' id='word_1_122' title='bbox 1033 1859 1142 1914; x_wconf 93' lang='lat' dir='ltr'>bonum</span> <span class='ocrx_word' id='word_1_123' title='bbox 1169 1861 1221 1914; x_wconf 90' lang='lat' dir='ltr'>aut</span> <span class='ocrx_word' id='word_1_124' title='bbox 1247 1856 1408 1931; x_wconf 83' lang='lat' dir='ltr'>perfectum</span> 
     </span>
     <span class='ocr_line' id='line_1_16' title="bbox 395 1937 1408 2014; baseline 0.001 -17"><span class='ocrx_word' id='word_1_125' title='bbox 395 1945 492 2014; x_wconf 89' lang='lat' dir='ltr'>potest</span> <span class='ocrx_word' id='word_1_126' title='bbox 518 1937 665 1996; x_wconf 78' lang='lat' dir='ltr'>exsistere.</span> <span class='ocrx_word' id='word_1_127' title='bbox 722 1939 795 1996; x_wconf 89' lang='lat' dir='ltr'>Inde</span> <span class='ocrx_word' id='word_1_128' title='bbox 823 1958 892 1996; x_wconf 86' lang='lat' dir='ltr'>vcro</span> <span class='ocrx_word' id='word_1_129' title='bbox 921 1939 1016 1998; x_wconf 83' lang='lat' dir='ltr'>virtus</span> <span class='ocrx_word' id='word_1_130' title='bbox 1045 1939 1208 1998; x_wconf 81' lang='lat' dir='ltr'>efflorescit.</span> <span class='ocrx_word' id='word_1_131' title='bbox 1257 1941 1334 1998; x_wconf 88' lang='lat' dir='ltr'>Nam</span> <span class='ocrx_word' id='word_1_132' title='bbox 1369 1959 1408 1998; x_wconf 86' lang='lat' dir='ltr'>ex</span> 
     </span>
     <span class='ocr_line' id='line_1_17' title="bbox 395 2019 1409 2104; baseline 0 -23"><span class='ocrx_word' id='word_1_133' title='bbox 395 2024 445 2081; x_wconf 94' lang='lat' dir='ltr'>illo</span> <span class='ocrx_word' id='word_1_134' title='bbox 467 2022 554 2080; x_wconf 90' lang='lat' dir='ltr'>animi</span> <span class='ocrx_word' id='word_1_135' title='bbox 577 2023 676 2080; x_wconf 87' lang='lat' dir='ltr'>ordine</span> <span class='ocrx_word' id='word_1_136' title='bbox 698 2026 728 2080; x_wconf 89' lang='lat' dir='ltr'>et</span> <span class='ocrx_word' id='word_1_137' title='bbox 749 2028 852 2081; x_wconf 86' lang='lat' dir='ltr'>ornatu</span> <span class='ocrx_word' id='word_1_138' title='bbox 873 2023 964 2082; x_wconf 89' lang='lat' dir='ltr'>oritur</span> <span class='ocrx_word' id='word_1_139' title='bbox 984 2023 1177 2100; x_wconf 88' lang='lat' dir='ltr'>temperantia</span> <span class='ocrx_word' id='word_1_140' title='bbox 1203 2019 1409 2104; x_wconf 74' lang='grc' dir='ltr'>(σωφροσύνη,</span> 
     </span>
     <span class='ocr_line' id='line_1_18' title="bbox 395 2105 1409 2187; baseline 0.002 -22"><span class='ocrx_word' id='word_1_141' title='bbox 395 2128 423 2183; x_wconf 91' lang='lat' dir='ltr'>p.</span> <span class='ocrx_word' id='word_1_142' title='bbox 447 2109 515 2166; x_wconf 84' lang='lat'>507.</span> <span class='ocrx_word' id='word_1_143' title='bbox 538 2105 596 2180; x_wconf 73' lang='lat' dir='ltr'>A).</span> <span class='ocrx_word' id='word_1_144' title='bbox 638 2107 813 2182; x_wconf 84' lang='lat' dir='ltr'>Temperans</span> <span class='ocrx_word' id='word_1_145' title='bbox 842 2113 939 2177; x_wconf 84' lang='lat' dir='ltr'>autem</span> <span class='ocrx_word' id='word_1_146' title='bbox 960 2109 1056 2166; x_wconf 90' lang='lat' dir='ltr'>omnia</span> <span class='ocrx_word' id='word_1_147' title='bbox 1076 2109 1176 2181; x_wconf 83' lang='lat' dir='ltr'>faciet,</span> <span class='ocrx_word' id='word_1_148' title='bbox 1208 2129 1284 2187; x_wconf 84' lang='lat' dir='ltr'>quaa</span> <span class='ocrx_word' id='word_1_149' title='bbox 1311 2109 1409 2184; x_wconf 89' lang='lat' dir='ltr'>ipsum</span> 
     </span>
     <span class='ocr_line' id='line_1_19' title="bbox 396 2191 1408 2271; baseline 0.002 -22"><span class='ocrx_word' id='word_1_150' title='bbox 396 2193 489 2250; x_wconf 87' lang='lat' dir='ltr'>facere</span> <span class='ocrx_word' id='word_1_151' title='bbox 511 2195 636 2266; x_wconf 89' lang='lat' dir='ltr'>oportet,</span> <span class='ocrx_word' id='word_1_152' title='bbox 664 2198 728 2250; x_wconf 91' lang='lat' dir='ltr'>tum</span> <span class='ocrx_word' id='word_1_153' title='bbox 749 2211 819 2266; x_wconf 84' lang='lat' dir='ltr'>erga</span> <span class='ocrx_word' id='word_1_154' title='bbox 838 2191 982 2264; x_wconf 92' lang='lat' dir='ltr'>homines,</span> <span class='ocrx_word' id='word_1_155' title='bbox 1004 2200 1068 2252; x_wconf 89' lang='lat' dir='ltr'>tum</span> <span class='ocrx_word' id='word_1_156' title='bbox 1090 2213 1166 2268; x_wconf 84' lang='lat' dir='ltr'>erga</span> <span class='ocrx_word' id='word_1_157' title='bbox 1179 2195 1261 2266; x_wconf 87' lang='lat' dir='ltr'>deos,</span> <span class='ocrx_word' id='word_1_158' title='bbox 1284 2193 1408 2271; x_wconf 89' lang='lat' dir='ltr'>ideoque</span> 
     </span>
     <span class='ocr_line' id='line_1_20' title="bbox 397 2276 1410 2354; baseline 0.002 -20"><span class='ocrx_word' id='word_1_159' title='bbox 397 2277 485 2335; x_wconf 89' lang='lat' dir='ltr'>etiam</span> <span class='ocrx_word' id='word_1_160' title='bbox 511 2276 606 2335; x_wconf 85' lang='lat' dir='ltr'>iustus</span> <span class='ocrx_word' id='word_1_161' title='bbox 635 2281 665 2334; x_wconf 91' lang='lat' dir='ltr'>et</span> <span class='ocrx_word' id='word_1_162' title='bbox 693 2283 808 2335; x_wconf 90' lang='lat' dir='ltr'>sanctus</span> <span class='ocrx_word' id='word_1_163' title='bbox 838 2277 886 2335; x_wconf 84' lang='lat' dir='ltr'>vel</span> <span class='ocrx_word' id='word_1_164' title='bbox 913 2277 979 2352; x_wconf 89' lang='lat' dir='ltr'>pius</span> <span class='ocrx_word' id='word_1_165' title='bbox 1008 2278 1071 2337; x_wconf 83' lang='lat' dir='ltr'>erit.</span> <span class='ocrx_word' id='word_1_166' title='bbox 1126 2279 1210 2335; x_wconf 92' lang='lat' dir='ltr'>Idem</span> <span class='ocrx_word' id='word_1_167' title='bbox 1238 2297 1323 2354; x_wconf 87' lang='lat' dir='ltr'>porro</span> <span class='ocrx_word' id='word_1_168' title='bbox 1353 2277 1410 2336; x_wconf 88' lang='lat' dir='ltr'>erit</span> 
     </span>
     <span class='ocr_line' id='line_1_21' title="bbox 396 2360 1408 2440; baseline -0.001 -21"><span class='ocrx_word' id='word_1_169' title='bbox 396 2362 486 2420; x_wconf 91' lang='lat' dir='ltr'>etiam</span> <span class='ocrx_word' id='word_1_170' title='bbox 505 2361 598 2433; x_wconf 85' lang='lat' dir='ltr'>fortis,</span> <span class='ocrx_word' id='word_1_171' title='bbox 619 2360 761 2438; x_wconf 90' lang='lat' dir='ltr'>siquidem</span> <span class='ocrx_word' id='word_1_172' title='bbox 785 2381 839 2419; x_wconf 92' lang='lat' dir='ltr'>nec</span> <span class='ocrx_word' id='word_1_173' title='bbox 860 2368 998 2439; x_wconf 88' lang='lat' dir='ltr'>sequetur</span> <span class='ocrx_word' id='word_1_174' title='bbox 1026 2382 1079 2420; x_wconf 91' lang='lat' dir='ltr'>nec</span> <span class='ocrx_word' id='word_1_175' title='bbox 1106 2363 1200 2436; x_wconf 82' lang='lat' dir='ltr'>fugiet</span> <span class='ocrx_word' id='word_1_176' title='bbox 1229 2382 1303 2440; x_wconf 87' lang='lat' dir='ltr'>quae</span> <span class='ocrx_word' id='word_1_177' title='bbox 1325 2360 1408 2440; x_wconf 87' lang='lat' dir='ltr'>sequi</span> 
     </span>
     <span class='ocr_line' id='line_1_22' title="bbox 397 2446 1407 2525; baseline -0.001 -20"><span class='ocrx_word' id='word_1_178' title='bbox 397 2453 448 2506; x_wconf 90' lang='lat' dir='ltr'>aut</span> <span class='ocrx_word' id='word_1_179' title='bbox 466 2447 566 2520; x_wconf 87' lang='lat' dir='ltr'>fugere</span> <span class='ocrx_word' id='word_1_180' title='bbox 588 2466 647 2504; x_wconf 91' lang='lat' dir='ltr'>non</span> <span class='ocrx_word' id='word_1_181' title='bbox 668 2447 776 2504; x_wconf 87' lang='lat' dir='ltr'>deceat.</span> <span class='ocrx_word' id='word_1_182' title='bbox 804 2447 903 2524; x_wconf 86' lang='lat' dir='ltr'>Atque</span> <span class='ocrx_word' id='word_1_183' title='bbox 917 2447 994 2504; x_wconf 87' lang='lat' dir='ltr'>idem</span> <span class='ocrx_word' id='word_1_184' title='bbox 1008 2447 1097 2506; x_wconf 88' lang='lat' dir='ltr'>etiam</span> <span class='ocrx_word' id='word_1_185' title='bbox 1112 2446 1168 2505; x_wconf 89' lang='lat' dir='ltr'>erit</span> <span class='ocrx_word' id='word_1_186' title='bbox 1180 2449 1293 2518; x_wconf 75' lang='lat' dir='ltr'>beatus·</span> <span class='ocrx_word' id='word_1_187' title='bbox 1316 2465 1407 2525; x_wconf 90' lang='lat' dir='ltr'>quon·</span> 
     </span>
     <span class='ocr_line' id='line_1_23' title="bbox 361 2520 1409 2610; baseline -0.004 -17"><span class='ocrx_word' id='word_1_188' title='bbox 361 2588 365 2593; x_wconf 86' lang='lat'>.</span> <span class='ocrx_word' id='word_1_189' title='bbox 395 2533 454 2595; x_wconf 88' lang='lat' dir='ltr'>iam</span> <span class='ocrx_word' id='word_1_190' title='bbox 476 2520 508 2591; x_wconf 78' lang='grc' dir='ltr'>εὖ</span> <span class='ocrx_word' id='word_1_191' title='bbox 535 2529 584 2590; x_wconf 80' lang='grc' dir='ltr'>καὶ</span> <span class='ocrx_word' id='word_1_192' title='bbox 611 2532 709 2601; x_wconf 82' lang='grc' dir='ltr'><strong><em>καλῶς</em></strong></span> <span class='ocrx_word' id='word_1_193' title='bbox 736 2526 873 2610; x_wconf 59' lang='lat' dir='ltr'>noricum</span> <span class='ocrx_word' id='word_1_194' title='bbox 904 2537 1003 2590; x_wconf 89' lang='lat' dir='ltr'>eontra</span> <span class='ocrx_word' id='word_1_195' title='bbox 1038 2531 1249 2607; x_wconf 88' lang='lat' dir='ltr'>intemperans,</span> <span class='ocrx_word' id='word_1_196' title='bbox 1285 2531 1409 2608; x_wconf 85' lang='lat' dir='ltr'>ideoque</span> 
     </span>
     <span class='ocr_line' id='line_1_24' title="bbox 397 2616 1409 2693; baseline -0.004 -17"><span class='ocrx_word' id='word_1_197' title='bbox 397 2619 474 2676; x_wconf 88' lang='lat' dir='ltr'>omni</span> <span class='ocrx_word' id='word_1_198' title='bbox 501 2616 620 2676; x_wconf 85' lang='lat' dir='ltr'>virtutis</span> <span class='ocrx_word' id='word_1_199' title='bbox 648 2616 733 2674; x_wconf 90' lang='lat' dir='ltr'>laude</span> <span class='ocrx_word' id='word_1_200' title='bbox 762 2616 935 2686; x_wconf 87' lang='lat' dir='ltr'>destitutus,</span> <span class='ocrx_word' id='word_1_201' title='bbox 965 2617 1020 2674; x_wconf 87' lang='lat' dir='ltr'>erit</span> <span class='ocrx_word' id='word_1_202' title='bbox 1047 2616 1158 2674; x_wconf 83' lang='lat' dir='ltr'>infelix.</span> <span class='ocrx_word' id='word_1_203' title='bbox 1201 2618 1306 2693; x_wconf 88' lang='lat' dir='ltr'>Itaque</span> <span class='ocrx_word' id='word_1_204' title='bbox 1336 2621 1409 2674; x_wconf 90' lang='lat' dir='ltr'>tem·</span> 
     </span>
     <span class='ocr_line' id='line_1_25' title="bbox 396 2700 1409 2778; baseline -0.001 -19"><span class='ocrx_word' id='word_1_205' title='bbox 396 2703 557 2778; x_wconf 88' lang='lat' dir='ltr'>perantiam</span> <span class='ocrx_word' id='word_1_206' title='bbox 577 2719 693 2759; x_wconf 87' lang='lat' dir='ltr'>necesse</span> <span class='ocrx_word' id='word_1_207' title='bbox 715 2707 759 2759; x_wconf 90' lang='grc' dir='ltr'>θεῖ</span> <span class='ocrx_word' id='word_1_208' title='bbox 779 2701 810 2757; x_wconf 91' lang='lat' dir='ltr'>in</span> <span class='ocrx_word' id='word_1_209' title='bbox 826 2700 935 2774; x_wconf 85' lang='lat' dir='ltr'>agendo</span> <span class='ocrx_word' id='word_1_210' title='bbox 956 2701 1040 2759; x_wconf 91' lang='lat' dir='ltr'>nobis</span> <span class='ocrx_word' id='word_1_211' title='bbox 1053 2701 1138 2758; x_wconf 88' lang='lat' dir='ltr'>unice</span> <span class='ocrx_word' id='word_1_212' title='bbox 1154 2720 1217 2758; x_wconf 88' lang='lat' dir='ltr'>esse</span> <span class='ocrx_word' id='word_1_213' title='bbox 1230 2700 1409 2776; x_wconf 88' lang='lat' dir='ltr'>propositam</span> 
     </span>
     <span class='ocr_line' id='line_1_26' title="bbox 396 2784 1408 2863; baseline -0.004 -18"><span class='ocrx_word' id='word_1_214' title='bbox 396 2787 490 2845; x_wconf 84' lang='lat' dir='ltr'>vitata</span> <span class='ocrx_word' id='word_1_215' title='bbox 512 2784 589 2843; x_wconf 90' lang='lat' dir='ltr'>omni</span> <span class='ocrx_word' id='word_1_216' title='bbox 610 2784 748 2843; x_wconf 88' lang='lat' dir='ltr'>lubidinis</span> <span class='ocrx_word' id='word_1_217' title='bbox 776 2785 894 2843; x_wconf 88' lang='lat' dir='ltr'>licentia</span> <span class='ocrx_word' id='word_1_218' title='bbox 915 2790 944 2843; x_wconf 90' lang='lat' dir='ltr'>et</span> <span class='ocrx_word' id='word_1_219' title='bbox 964 2785 1194 2861; x_wconf 87' lang='lat' dir='ltr'>intemperantia.</span> <span class='ocrx_word' id='word_1_220' title='bbox 1238 2784 1323 2847; x_wconf 77' lang='lat' dir='ltr'>Quod</span> <span class='ocrx_word' id='word_1_221' title='bbox 1345 2785 1408 2863; x_wconf 89' lang='lat' dir='ltr'>qui·</span> 
     </span>
     <span class='ocr_line' id='line_1_27' title="bbox 397 2869 1409 2944; baseline -0.003 -15"><span class='ocrx_word' id='word_1_222' title='bbox 397 2870 623 2939; x_wconf 65' lang='lat' dir='ltr'>domitiacum,</span> <span class='ocrx_word' id='word_1_223' title='bbox 653 2869 741 2927; x_wconf 88' lang='lat' dir='ltr'>etiam</span> <span class='ocrx_word' id='word_1_224' title='bbox 761 2869 851 2927; x_wconf 89' lang='lat' dir='ltr'>totius</span> <span class='ocrx_word' id='word_1_225' title='bbox 893 2889 990 2926; x_wconf 84' lang='lat' dir='ltr'>rerum</span> <span class='ocrx_word' id='word_1_226' title='bbox 1017 2869 1215 2930; x_wconf 88' lang='lat' dir='ltr'>universitatis</span> <span class='ocrx_word' id='word_1_227' title='bbox 1243 2870 1409 2944; x_wconf 87' lang='lat' dir='ltr'>exemplum</span> 
     </span>
     <span class='ocr_line' id='line_1_28' title="bbox 398 2953 1408 3030; baseline -0.003 -17"><span class='ocrx_word' id='word_1_228' title='bbox 398 2956 532 3013; x_wconf 80' lang='lat' dir='ltr'>declarat.</span> <span class='ocrx_word' id='word_1_229' title='bbox 574 2953 748 3012; x_wconf 85' lang='lat' dir='ltr'>Dominatur</span> <span class='ocrx_word' id='word_1_230' title='bbox 768 2953 845 3011; x_wconf 89' lang='lat' dir='ltr'>enim</span> <span class='ocrx_word' id='word_1_231' title='bbox 874 2973 926 3029; x_wconf 83' lang='lat' dir='ltr'>per</span> <span class='ocrx_word' id='word_1_232' title='bbox 947 2973 1010 3012; x_wconf 87' lang='lat' dir='ltr'>eam</span> <span class='ocrx_word' id='word_1_233' title='bbox 1038 2956 1087 3013; x_wconf 89' lang='lat' dir='ltr'>lex</span> <span class='ocrx_word' id='word_1_234' title='bbox 1108 2954 1284 3030; x_wconf 88' lang='lat' dir='ltr'>sempiterna</span> <span class='ocrx_word' id='word_1_235' title='bbox 1305 2959 1336 3012; x_wconf 89' lang='lat' dir='ltr'>et</span> <span class='ocrx_word' id='word_1_236' title='bbox 1354 2953 1408 3010; x_wconf 92' lang='lat' dir='ltr'>im·</span> 
     </span>
     <span class='ocr_line' id='line_1_29' title="bbox 398 3037 1407 3117; baseline 0 -21"><span class='ocrx_word' id='word_1_237' title='bbox 398 3038 547 3098; x_wconf 88' lang='lat' dir='ltr'>mutabilis</span> <span class='ocrx_word' id='word_1_238' title='bbox 567 3038 645 3109; x_wconf 87' lang='lat' dir='ltr'>haec,</span> <span class='ocrx_word' id='word_1_239' title='bbox 667 3043 702 3097; x_wconf 92' lang='lat' dir='ltr'>ut</span> <span class='ocrx_word' id='word_1_240' title='bbox 723 3038 819 3096; x_wconf 90' lang='lat' dir='ltr'>omnia</span> <span class='ocrx_word' id='word_1_241' title='bbox 839 3037 938 3096; x_wconf 88' lang='lat' dir='ltr'>ordine</span> <span class='ocrx_word' id='word_1_242' title='bbox 959 3045 1047 3117; x_wconf 90' lang='lat' dir='ltr'>atque</span> <span class='ocrx_word' id='word_1_243' title='bbox 1069 3044 1173 3097; x_wconf 89' lang='lat' dir='ltr'>ornatu</span> <span class='ocrx_word' id='word_1_244' title='bbox 1195 3038 1407 3110; x_wconf 84' lang='lat' dir='ltr'>contineantur,</span> 
     </span>
     <span class='ocr_line' id='line_1_30' title="bbox 398 3118 1408 3199; baseline -0.002 -18"><span class='ocrx_word' id='word_1_245' title='bbox 398 3125 475 3182; x_wconf 91' lang='lat' dir='ltr'>unde</span> <span class='ocrx_word' id='word_1_246' title='bbox 489 3125 544 3181; x_wconf 93' lang='lat' dir='ltr'>hoc</span> <span class='ocrx_word' id='word_1_247' title='bbox 556 3121 726 3182; x_wconf 85' lang='lat' dir='ltr'>universum</span> <span class='ocrx_word' id='word_1_248' title='bbox 738 3118 852 3199; x_wconf 82' lang='grc' dir='ltr'><em>κόσμος</em></span> <span class='ocrx_word' id='word_1_249' title='bbox 873 3124 1034 3198; x_wconf 89' lang='lat' dir='ltr'>appellatur</span> <span class='ocrx_word' id='word_1_250' title='bbox 1048 3123 1087 3199; x_wconf 92' lang='lat' dir='ltr'>(p.</span> <span class='ocrx_word' id='word_1_251' title='bbox 1099 3124 1168 3181; x_wconf 83' lang='lat'>507.</span> <span class='ocrx_word' id='word_1_252' title='bbox 1177 3125 1212 3180; x_wconf 89' lang='lat' dir='ltr'>A.</span> <span class='ocrx_word' id='word_1_253' title='bbox 1220 3155 1264 3163; x_wconf 89' lang='lat'>-</span> <span class='ocrx_word' id='word_1_254' title='bbox 1272 3127 1343 3180; x_wconf 84' lang='lat'>508.</span> <span class='ocrx_word' id='word_1_255' title='bbox 1351 3120 1408 3195; x_wconf 77' lang='lat' dir='ltr'>A).</span> 
     </span>
     <span class='ocr_line' id='line_1_31' title="bbox 398 3204 1409 3282; baseline -0.001 -17"><span class='ocrx_word' id='word_1_256' title='bbox 398 3208 483 3271; x_wconf 80' lang='lat' dir='ltr'>Quod</span> <span class='ocrx_word' id='word_1_257' title='bbox 510 3207 600 3281; x_wconf 86' lang='lat' dir='ltr'>igitur</span> <span class='ocrx_word' id='word_1_258' title='bbox 628 3206 771 3265; x_wconf 83' lang='lat' dir='ltr'>rhetorica</span> <span class='ocrx_word' id='word_1_259' title='bbox 807 3212 837 3265; x_wconf 88' lang='lat' dir='ltr'>et</span> <span class='ocrx_word' id='word_1_260' title='bbox 872 3226 918 3264; x_wconf 87' lang='lat' dir='ltr'>ars</span> <span class='ocrx_word' id='word_1_261' title='bbox 945 3207 1064 3282; x_wconf 88' lang='lat' dir='ltr'>politica</span> <span class='ocrx_word' id='word_1_262' title='bbox 1091 3208 1189 3266; x_wconf 88' lang='lat' dir='ltr'>studet</span> <span class='ocrx_word' id='word_1_263' title='bbox 1222 3207 1256 3262; x_wconf 87' lang='lat' dir='ltr'>in</span> <span class='ocrx_word' id='word_1_264' title='bbox 1290 3204 1409 3266; x_wconf 80' lang='lat' dir='ltr'>civitate</span> 
     </span>
     <span class='ocr_line' id='line_1_32' title="bbox 398 3290 1407 3368; baseline -0.004 -17"><span class='ocrx_word' id='word_1_265' title='bbox 398 3312 510 3351; x_wconf 89' lang='lat' dir='ltr'>summa</span> <span class='ocrx_word' id='word_1_266' title='bbox 529 3312 627 3350; x_wconf 87' lang='lat' dir='ltr'>rerum</span> <span class='ocrx_word' id='word_1_267' title='bbox 647 3292 733 3368; x_wconf 89' lang='lat' dir='ltr'>potiri</span> <span class='ocrx_word' id='word_1_268' title='bbox 754 3296 784 3350; x_wconf 93' lang='lat' dir='ltr'>et</span> <span class='ocrx_word' id='word_1_269' title='bbox 811 3291 919 3349; x_wconf 86' lang='lat' dir='ltr'>iniuste</span> <span class='ocrx_word' id='word_1_270' title='bbox 940 3293 1082 3350; x_wconf 86' lang='lat' dir='ltr'>factorum</span> <span class='ocrx_word' id='word_1_271' title='bbox 1110 3290 1314 3366; x_wconf 88' lang='lat' dir='ltr'>impunitatem</span> <span class='ocrx_word' id='word_1_272' title='bbox 1342 3310 1407 3348; x_wconf 89' lang='lat' dir='ltr'>con-</span> 
     </span>
     <span class='ocr_line' id='line_1_33' title="bbox 399 3375 1409 3455; baseline -0.002 -20"><span class='ocrx_word' id='word_1_273' title='bbox 399 3377 488 3455; x_wconf 89' lang='lat' dir='ltr'>sequi,</span> <span class='ocrx_word' id='word_1_274' title='bbox 509 3377 539 3433; x_wconf 93' lang='lat' dir='ltr'>id</span> <span class='ocrx_word' id='word_1_275' title='bbox 561 3396 626 3434; x_wconf 90' lang='lat' dir='ltr'>cum</span> <span class='ocrx_word' id='word_1_276' title='bbox 646 3376 765 3435; x_wconf 84' lang='lat' dir='ltr'>virtutis</span> <span class='ocrx_word' id='word_1_277' title='bbox 785 3376 880 3433; x_wconf 89' lang='lat' dir='ltr'>studio</span> <span class='ocrx_word' id='word_1_278' title='bbox 908 3376 988 3433; x_wconf 93' lang='lat' dir='ltr'>nullo</span> <span class='ocrx_word' id='word_1_279' title='bbox 1016 3380 1100 3452; x_wconf 88' lang='lat' dir='ltr'>pacto</span> <span class='ocrx_word' id='word_1_280' title='bbox 1127 3375 1283 3433; x_wconf 87' lang='lat' dir='ltr'>consistere</span> <span class='ocrx_word' id='word_1_281' title='bbox 1304 3380 1409 3450; x_wconf 82' lang='lat' dir='ltr'>potest,</span> 
     </span>
     <span class='ocr_line' id='line_1_34' title="bbox 398 3458 1409 3540; baseline -0.002 -20"><span class='ocrx_word' id='word_1_282' title='bbox 398 3482 489 3540; x_wconf 91' lang='lat' dir='ltr'>quum</span> <span class='ocrx_word' id='word_1_283' title='bbox 510 3461 560 3539; x_wconf 89' lang='lat' dir='ltr'>qui</span> <span class='ocrx_word' id='word_1_284' title='bbox 580 3461 623 3518; x_wconf 90' lang='lat' dir='ltr'>ita</span> <span class='ocrx_word' id='word_1_285' title='bbox 643 3466 735 3534; x_wconf 85' lang='lat' dir='ltr'>agunt</span> <span class='ocrx_word' id='word_1_286' title='bbox 755 3465 843 3536; x_wconf 88' lang='lat' dir='ltr'>atquc</span> <span class='ocrx_word' id='word_1_287' title='bbox 864 3459 1003 3531; x_wconf 89' lang='lat' dir='ltr'>sentiunt,</span> <span class='ocrx_word' id='word_1_288' title='bbox 1025 3459 1046 3516; x_wconf 91' lang='lat' dir='ltr'>ii</span> <span class='ocrx_word' id='word_1_289' title='bbox 1069 3479 1182 3534; x_wconf 87' lang='lat' dir='ltr'>semper</span> <span class='ocrx_word' id='word_1_290' title='bbox 1201 3458 1290 3517; x_wconf 90' lang='lat' dir='ltr'>etiam</span> <span class='ocrx_word' id='word_1_291' title='bbox 1311 3458 1409 3534; x_wconf 76' lang='lat' dir='ltr'>pravis</span> 
     </span>
     <span class='ocr_line' id='line_1_35' title="bbox 399 3542 1408 3620; baseline -0.003 -17"><span class='ocrx_word' id='word_1_292' title='bbox 399 3546 521 3604; x_wconf 88' lang='lat' dir='ltr'>aliorum</span> <span class='ocrx_word' id='word_1_293' title='bbox 542 3544 646 3603; x_wconf 89' lang='lat' dir='ltr'>studiis</span> <span class='ocrx_word' id='word_1_294' title='bbox 667 3550 698 3602; x_wconf 92' lang='lat' dir='ltr'>et</span> <span class='ocrx_word' id='word_1_295' title='bbox 718 3543 924 3619; x_wconf 88' lang='lat' dir='ltr'>cupiditatibus</span> <span class='ocrx_word' id='word_1_296' title='bbox 950 3544 1099 3618; x_wconf 87' lang='lat' dir='ltr'>indulgere</span> <span class='ocrx_word' id='word_1_297' title='bbox 1120 3562 1209 3620; x_wconf 85' lang='lat' dir='ltr'>seque</span> <span class='ocrx_word' id='word_1_298' title='bbox 1234 3542 1339 3600; x_wconf 89' lang='lat' dir='ltr'>iisdem</span> <span class='ocrx_word' id='word_1_299' title='bbox 1361 3545 1408 3600; x_wconf 87' lang='lat' dir='ltr'>de·</span> 
     </span>
     <span class='ocr_line' id='line_1_36' title="bbox 399 3627 1409 3702; baseline -0.003 -15"><span class='ocrx_word' id='word_1_300' title='bbox 399 3631 466 3687; x_wconf 89' lang='lat' dir='ltr'>dere</span> <span class='ocrx_word' id='word_1_301' title='bbox 488 3631 634 3702; x_wconf 87' lang='lat' dir='ltr'>cogantur.</span> <span class='ocrx_word' id='word_1_302' title='bbox 666 3627 805 3690; x_wconf 81' lang='lat' dir='ltr'>Quocirca</span> <span class='ocrx_word' id='word_1_303' title='bbox 825 3628 985 3686; x_wconf 83' lang='lat' dir='ltr'>virbonus</span> <span class='ocrx_word' id='word_1_304' title='bbox 1006 3635 1036 3686; x_wconf 89' lang='lat' dir='ltr'>et</span> <span class='ocrx_word' id='word_1_305' title='bbox 1057 3629 1196 3686; x_wconf 88' lang='lat' dir='ltr'>honestus</span> <span class='ocrx_word' id='word_1_306' title='bbox 1216 3627 1265 3686; x_wconf 89' lang='lat' dir='ltr'>vel</span> <span class='ocrx_word' id='word_1_307' title='bbox 1285 3627 1409 3702; x_wconf 87' lang='lat' dir='ltr'>pessima</span> 
     </span>
     <span class='ocr_line' id='line_1_37' title="bbox 399 3712 1408 3791; baseline -0.003 -20"><span class='ocrx_word' id='word_1_308' title='bbox 399 3731 532 3791; x_wconf 87' lang='lat' dir='ltr'>quaeque</span> <span class='ocrx_word' id='word_1_309' title='bbox 551 3712 664 3788; x_wconf 86' lang='lat' dir='ltr'>perpeti</span> <span class='ocrx_word' id='word_1_310' title='bbox 689 3712 779 3771; x_wconf 85' lang='lat' dir='ltr'>malet</span> <span class='ocrx_word' id='word_1_311' title='bbox 799 3731 886 3789; x_wconf 90' lang='lat' dir='ltr'>quam</span> <span class='ocrx_word' id='word_1_312' title='bbox 914 3712 971 3771; x_wconf 90' lang='lat' dir='ltr'>isto</span> <span class='ocrx_word' id='word_1_313' title='bbox 991 3718 1075 3787; x_wconf 88' lang='lat' dir='ltr'>pacto</span> <span class='ocrx_word' id='word_1_314' title='bbox 1096 3712 1211 3781; x_wconf 85' lang='lat' dir='ltr'>vivere;</span> <span class='ocrx_word' id='word_1_315' title='bbox 1240 3730 1408 3787; x_wconf 88' lang='lat' dir='ltr'>persuasum</span> 
     </span>
     <span class='ocr_line' id='line_1_38' title="bbox 400 3795 1408 3872; baseline -0.004 -16"><span class='ocrx_word' id='word_1_316' title='bbox 400 3798 477 3856; x_wconf 92' lang='lat' dir='ltr'>enim</span> <span class='ocrx_word' id='word_1_317' title='bbox 497 3796 553 3872; x_wconf 91' lang='lat' dir='ltr'>ipsi</span> <span class='ocrx_word' id='word_1_318' title='bbox 574 3796 629 3855; x_wconf 90' lang='lat' dir='ltr'>erit</span> <span class='ocrx_word' id='word_1_319' title='bbox 649 3816 707 3854; x_wconf 91' lang='lat' dir='ltr'>uon</span> <span class='ocrx_word' id='word_1_320' title='bbox 728 3796 820 3872; x_wconf 88' lang='lat' dir='ltr'>ipsam</span> <span class='ocrx_word' id='word_1_321' title='bbox 841 3797 933 3855; x_wconf 82' lang='lat' dir='ltr'>vitam</span> <span class='ocrx_word' id='word_1_322' title='bbox 961 3816 1025 3854; x_wconf 89' lang='lat' dir='ltr'>esse</span> <span class='ocrx_word' id='word_1_323' title='bbox 1045 3796 1162 3872; x_wconf 88' lang='lat' dir='ltr'>plurimi</span> <span class='ocrx_word' id='word_1_324' title='bbox 1191 3795 1408 3866; x_wconf 84' lang='lat' dir='ltr'>aestimandam,</span> 
     </span>
     <span class='ocr_line' id='line_1_39' title="bbox 399 3880 1409 3958; baseline -0.004 -18"><span class='ocrx_word' id='word_1_325' title='bbox 399 3884 450 3940; x_wconf 87' lang='lat' dir='ltr'>sed</span> <span class='ocrx_word' id='word_1_326' title='bbox 479 3881 576 3957; x_wconf 87' lang='lat' dir='ltr'>potius</span> <span class='ocrx_word' id='word_1_327' title='bbox 603 3880 695 3939; x_wconf 86' lang='lat' dir='ltr'>vitam</span> <span class='ocrx_word' id='word_1_328' title='bbox 722 3881 798 3939; x_wconf 90' lang='lat' dir='ltr'>iuste</span> <span class='ocrx_word' id='word_1_329' title='bbox 826 3880 930 3958; x_wconf 88' lang='lat' dir='ltr'>pioque</span> <span class='ocrx_word' id='word_1_330' title='bbox 957 3886 1133 3939; x_wconf 85' lang='lat' dir='ltr'>transactam</span> <span class='ocrx_word' id='word_1_331' title='bbox 1154 3880 1193 3955; x_wconf 90' lang='lat' dir='ltr'>(p.</span> <span class='ocrx_word' id='word_1_332' title='bbox 1218 3884 1288 3938; x_wconf 84' lang='lat'>508.</span> <span class='ocrx_word' id='word_1_333' title='bbox 1309 3880 1346 3938; x_wconf 91' lang='lat' dir='ltr'>D.</span> <span class='ocrx_word' id='word_1_334' title='bbox 1368 3909 1409 3922; x_wconf 90' lang='lat'>--</span> 
     </span>
    </p>

    <p class='ocr_par' dir='ltr' id='par_1_3' title="bbox 400 4047 1411 4297">
     <span class='ocr_line' id='line_1_40' title="bbox 462 4047 1410 4126; baseline -0.005 -17"><span class='ocrx_word' id='word_1_335' title='bbox 462 4051 545 4109; x_wconf 88' lang='lat' dir='ltr'>Haeo</span> <span class='ocrx_word' id='word_1_336' title='bbox 564 4049 655 4124; x_wconf 82' lang='lat' dir='ltr'>igitur</span> <span class='ocrx_word' id='word_1_337' title='bbox 682 4053 827 4124; x_wconf 89' lang='lat' dir='ltr'>postrema</span> <span class='ocrx_word' id='word_1_338' title='bbox 853 4054 899 4107; x_wconf 86' lang='lat' dir='ltr'>cst</span> <span class='ocrx_word' id='word_1_339' title='bbox 926 4048 1153 4122; x_wconf 87' lang='lat' dir='ltr'>argumentatio,</span> <span class='ocrx_word' id='word_1_340' title='bbox 1182 4067 1241 4126; x_wconf 89' lang='lat' dir='ltr'>qua</span> <span class='ocrx_word' id='word_1_341' title='bbox 1259 4047 1410 4105; x_wconf 87' lang='lat' dir='ltr'>rhetorum</span> 
     </span>
     <span class='ocr_line' id='line_1_41' title="bbox 400 4131 1410 4210; baseline -0.004 -17"><span class='ocrx_word' id='word_1_342' title='bbox 400 4134 504 4208; x_wconf 79' lang='lat' dir='ltr'>agendi</span> <span class='ocrx_word' id='word_1_343' title='bbox 524 4134 666 4210; x_wconf 89' lang='lat' dir='ltr'>principia</span> <span class='ocrx_word' id='word_1_344' title='bbox 686 4133 868 4203; x_wconf 85' lang='lat' dir='ltr'>refelluntur,</span> <span class='ocrx_word' id='word_1_345' title='bbox 890 4134 977 4192; x_wconf 91' lang='lat' dir='ltr'>ducta</span> <span class='ocrx_word' id='word_1_346' title='bbox 989 4134 1040 4191; x_wconf 90' lang='lat' dir='ltr'>illa</span> <span class='ocrx_word' id='word_1_347' title='bbox 1060 4153 1098 4192; x_wconf 86' lang='lat' dir='ltr'>ex</span> <span class='ocrx_word' id='word_1_348' title='bbox 1119 4133 1184 4209; x_wconf 89' lang='lat' dir='ltr'>ipsa</span> <span class='ocrx_word' id='word_1_349' title='bbox 1203 4131 1275 4190; x_wconf 87' lang='lat' dir='ltr'>artis</span> <span class='ocrx_word' id='word_1_350' title='bbox 1296 4137 1410 4202; x_wconf 77' lang='lat' dir='ltr'>natm-a,</span> 
     </span>
     <span class='ocr_line' id='line_1_42' title="bbox 401 4215 1411 4297; baseline -0.001 -22"><span class='ocrx_word' id='word_1_351' title='bbox 401 4220 447 4276; x_wconf 90' lang='lat' dir='ltr'>cui</span> <span class='ocrx_word' id='word_1_352' title='bbox 475 4224 623 4297; x_wconf 88' lang='lat' dir='ltr'>tamquam</span> <span class='ocrx_word' id='word_1_353' title='bbox 650 4217 836 4294; x_wconf 78' lang='lat' dir='ltr'>perfectionis</span> <span class='ocrx_word' id='word_1_354' title='bbox 862 4217 971 4292; x_wconf 90' lang='lat' dir='ltr'>species</span> <span class='ocrx_word' id='word_1_355' title='bbox 998 4220 1141 4296; x_wconf 87' lang='lat' dir='ltr'>quaedam</span> <span class='ocrx_word' id='word_1_356' title='bbox 1167 4215 1323 4293; x_wconf 88' lang='lat' dir='ltr'>proposita·</span> <span class='ocrx_word' id='word_1_357' title='bbox 1349 4234 1411 4288; x_wconf 76' lang='grc' dir='ltr'>θεεθ</span> 
     </span>
    </p>
   </div>
   <div class='ocr_carea' id='block_1_3' title="bbox 289 4300 1411 4388">
    <p class='ocr_par' dir='ltr' id='par_1_4' title="bbox 289 4300 1411 4388">
     <span class='ocr_line' id='line_1_43' title="bbox 289 4300 1411 4388; baseline -0.001 -30"><span class='ocrx_word' id='word_1_358' title='bbox 289 4376 295 4388; x_wconf 23' lang='grc' dir='ltr'>ι</span> <span class='ocrx_word' id='word_1_359' title='bbox 400 4303 517 4374; x_wconf 88' lang='lat' dir='ltr'>debeat,</span> <span class='ocrx_word' id='word_1_360' title='bbox 540 4303 634 4382; x_wconf 88' lang='lat' dir='ltr'>qualis</span> <span class='ocrx_word' id='word_1_361' title='bbox 654 4303 771 4382; x_wconf 88' lang='lat' dir='ltr'>quidem</span> <span class='ocrx_word' id='word_1_362' title='bbox 789 4301 928 4378; x_wconf 85' lang='lat' dir='ltr'>perfectio</span> <span class='ocrx_word' id='word_1_363' title='bbox 949 4302 1011 4360; x_wconf 92' lang='lat' dir='ltr'>sine</span> <span class='ocrx_word' id='word_1_364' title='bbox 1030 4302 1129 4360; x_wconf 88' lang='lat' dir='ltr'>ordine</span> <span class='ocrx_word' id='word_1_365' title='bbox 1151 4306 1181 4360; x_wconf 88' lang='lat' dir='ltr'>et</span> <span class='ocrx_word' id='word_1_366' title='bbox 1201 4306 1306 4359; x_wconf 85' lang='lat' dir='ltr'>ornatu</span> <span class='ocrx_word' id='word_1_367' title='bbox 1333 4300 1411 4358; x_wconf 86' lang='lat' dir='ltr'>ideo·</span> 
     </span>
    </p>
   </div>
   <div class='ocr_carea' id='block_1_4' title="bbox 401 4385 1413 4464">
    <p class='ocr_par' dir='ltr' id='par_1_5' title="bbox 401 4385 1413 4464">
     <span class='ocr_line' id='line_1_44' title="bbox 401 4385 1413 4464; baseline -0.001 -21"><span class='ocrx_word' id='word_1_368' title='bbox 401 4405 457 4463; x_wconf 86' lang='lat' dir='ltr'>quo</span> <span class='ocrx_word' id='word_1_369' title='bbox 485 4387 546 4445; x_wconf 89' lang='lat' dir='ltr'>sine</span> <span class='ocrx_word' id='word_1_370' title='bbox 574 4387 767 4464; x_wconf 88' lang='lat' dir='ltr'>temperantia</span> <span class='ocrx_word' id='word_1_371' title='bbox 795 4405 829 4444; x_wconf 90' lang='lat' dir='ltr'>ac</span> <span class='ocrx_word' id='word_1_372' title='bbox 856 4385 965 4446; x_wconf 82' lang='lat' dir='ltr'>virtute</span> <span class='ocrx_word' id='word_1_373' title='bbox 997 4387 1068 4460; x_wconf 82' lang='lat' dir='ltr'>fingi</span> <span class='ocrx_word' id='word_1_374' title='bbox 1097 4393 1149 4444; x_wconf 88' lang='lat' dir='ltr'>aut</span> <span class='ocrx_word' id='word_1_375' title='bbox 1182 4385 1303 4459; x_wconf 83' lang='lat' dir='ltr'>cogitari</span> <span class='ocrx_word' id='word_1_376' title='bbox 1331 4386 1413 4443; x_wconf 90' lang='lat' dir='ltr'>nulla</span> 
     </span>
    </p>
   </div>
   <div class='ocr_carea' id='block_1_5' title="bbox 0 0 1637 5259">
    <p class='ocr_par' dir='ltr' id='par_1_6' title="bbox 0 0 1637 5259">
     <span class='ocr_line' id='line_1_45' title="bbox 0 0 1637 5259; baseline 0 0"><span class='ocrx_word' id='word_1_377' title='bbox 0 0 1637 5259; x_wconf 95' lang='lat' dir='ltr'> </span> 
     </span>
    </p>
   </div>
  </div>
 </body>
</html>
