3242 5259
413 598 471 654 lae
823 597 1020 657 PLATONIS

409 757 526 831 ἀδίκοις
553 762 692 840 χρῆσθαι
718 768 757 840 τῇ
779 757 932 842 ῥητορικῇ
952 761 1007 823 καὶ
1028 755 1152 823 ἐθέλειν
1171 761 1307 826 ἀδικεῖν.
1327 773 1422 828 ταῦτα

352 857 381 920 Β
405 850 465 918 οὖν
488 850 551 937 ὅπη
573 855 648 919 ποτὲ
670 851 742 938 ἔχει,
773 856 818 939 μὰ
838 859 896 920 τὸν
916 859 1010 933 κύνα,
1034 849 1059 921 ὦ
1081 862 1114 921 Γ
1109 860 1214 940 oppia,
1236 861 1299 924 οὐκ
1319 861 1422 944 ὀλίγης

408 955 583 1028 συνουσίας
605 951 700 1029 ἐστίν,
723 951 799 1027 ὥςτε
820 955 940 1030 ἱκανῶς
960 952 1209 1032 διασκέψασθαι.

473 1052 551 1139 Cap.
575 1053 667 1118 XVI.
713 1054 825 1115 ΠΩΛ.
860 1053 899 1115 Τι’
918 1053 986 1129 δαί,
1007 1041 1037 1115 ai
1057 1053 1245 1135 Σώκρατες;
1267 1053 1354 1119 οὕτω
1374 1053 1422 1118 καὶ

408 1153 449 1214 σὺ
475 1150 547 1230 περὶ
575 1160 631 1233 τῆς
659 1151 828 1232 ῥητορικῆς
856 1151 1012 1228 δοξάζεις,
1046 1147 1149 1230 ὥςπερ
1177 1161 1241 1216 νῦν
1261 1149 1377 1234 hiram
1402 1152 1421 1234 ἣ

409 1249 485 1323 οἴει,
516 1245 564 1311 ὅτι
586 1249 725 1329 Γοργίας
751 1247 900 1330 ᾐσχύνθη
930 1263 981 1311 σοι
1002 1249 1046 1331 μὴ
1067 1254 1350 1332 προςομολογησαι
1369 1248 1422 1314 τδν

408 1346 579 1428 ῥητορικὸν
605 1346 709 1426 ἄνδρα
738 1343 781 1427 μὴ
812 1344 884 1427 οὐχὶ
911 1345 966 1408 καὶ
985 1346 1025 1410 τὰ
1045 1347 1153 1410 δίκαια
1172 1345 1293 1412 εἰδέναι
1312 1347 1421 1412 καὶτὰ

406 1442 487 1506 καλὰ
509 1441 562 1506 καὶ
582 1443 622 1505 τὰ
642 1444 766 1523 ἀγαθοί,
792 1441 845 1506 καὶ
874 1434 931 1505 ’ἐὰν
951 1442 996 1526 μὴ
1017 1445 1095 1526 ἔλθη
1117 1455 1218 1509 ταῦτα
1239 1444 1333 1521 εἰδὼς
1352 1440 1417 1526 παρ’

356 1543 383 1611 C
407 1541 523 1615 αὐτόν,
552 1540 648 1614 αὐτὸς
669 1540 827 1619 διδάξειν,
857 1538 964 1605 ἔπειτα
986 1539 1021 1606 ἐκ
1040 1544 1156 1625 ταύτης
1175 1543 1254 1618 ἴσως
1274 1553 1332 1626 τῆς
1351 1544 1420 1624 ὁμο

455 1742 484 1791 Ρ.
502 1740 559 1792 461.
594 1743 623 1791 Β.
661 1741 702 1791 Τι’
718 1739 786 1800 δαί,
806 1732 827 1790 ὦ
848 1741 890 1806 Σ]
917 1742 962 1792 Sic
980 1742 1068 1792 Clark.
1093 1759 1156 1792 corr.
1176 1742 1256 1793 Ooisl.
1275 1745 1334 1794 Par.
1352 1743 1417 1794 Bw.

405 1809 481 1858 vind.
501 1808 523 1858 1.
549 1809 618 1858 Flor.
637 1826 660 1859 a.
679 1824 700 1859 e.
719 1826 751 1858 m.
771 1825 793 1859 ο.
818 1810 886 1859 Vett.
905 1809 976 1859 editt.
996 1809 1038 1869 δέ,
1063 1811 1131 1875 quod
1149 1827 1232 1875 nuper
1249 1810 1316 1861 duee
1334 1813 1417 1862 Herna

404 1878 499 1926 iniuria
516 1882 677 1940 revocarunt,
696 1877 751 1927 scil.
769 1883 867 1927 utnon
885 1884 1014 1942 repertum
1031 1880 1058 1927 iu
1076 1895 1114 1943 pr.
1133 1877 1221 1928 Clark.

457 1959 509 1994 σοι
532 1943 571 2010 μὴ
595 1945 905 2012 προσομολογῆσαι]
930 1942 964 2010 μὴ
987 1962 1037 1995 cm.
1059 1947 1116 1996 Par.
1134 1948 1165 1996 E.
1192 1946 1264 1997 Flor.
1282 1947 1300 1997 f.
1317 1963 1353 2010 s.,
1377 1945 1417 1997 sed

405 2012 455 2062 vid.
481 2018 568 2063 annot.
602 2013 686 2062 Locus
709 2015 819 2062 multum
842 2018 966 2074 vexatus,
998 2030 1075 2078 quem
1099 2014 1218 2064 videmur
1239 2022 1328 2064 tamen
1350 2030 1416 2064 nunc

403 2096 557 2146 persanasse
574 2080 782 2145 interpunctione
799 2081 941 2131 emendata.
960 2097 985 2130 v.
1002 2082 1072 2131 infra
1089 2097 1150 2131 ann.

396 2154 399 2159 '
455 2148 483 2200 C.
519 2145 608 2198 τοῦθ’
631 2146 647 2197 δ
671 2144 889 2214 δὴύγ.]ὃοοι.
907 2149 994 2199 Clark.
1012 2148 1089 2199 vind.
1108 2149 1132 2200 l.
1150 2148 1173 2203 6.
1196 2151 1256 2200 Par.
1274 2149 1415 2200 BEFIW.

403 2217 471 2266 Flcr.
490 2217 507 2266 f.
525 2233 546 2266 s.
576 2217 654 2266 Error
671 2222 748 2267 natus
765 2221 805 2266 est
822 2217 951 2282 scriptura
969 2223 1092 2266 τοῦτον.
1111 2234 1171 2267 ann.

454 2279 553 2337 αύτδο
571 2280 715 2350 ἀγαγών]
740 2285 784 2335 Sic
799 2285 887 2334 Clark.
906 2285 963 2335 Vat.
984 2284 1017 2334 A.
1040 2286 1106 2336 Van.
1125 2285 1155 2334 Σ.
1180 2284 1261 2336 Coisl.
1279 2301 1346 2338 corr.
1362 2289 1415 2337 Par.

437 2472 499 2536 Gap.
517 2471 587 2521 XVI.
613 2472 641 2521 B.
670 2468 717 2520 ὅτι
736 2472 884 2537 Γοργίαι

403 2536 554 2605 ᾐσχύνθη
582 2553 634 2588 σοι
656 2535 695 2604 μὴ
720 2556 884 2603 προσομο-

403 2602 883 2673 1ογῆσαιτ.ῥ.ἇνδραμὴούχὶ

403 2674 454 2722 καὶ
480 2671 514 2722 τὰ
535 2673 568 2740 δ]
594 2675 684 2724 Oratio
706 2676 819 2726 hominis
836 2676 885 2723 fer·

402 2741 456 2789 vidi
474 2747 550 2805 atque
568 2741 706 2803 calidioris,
725 2758 790 2805 quae
806 2742 884 2808 plane

403 2809 483 2857 animi
491 2809 636 2873 mentisque
645 2810 784 2876 imaginem
798 2811 884 2871 refert,

402 2875 446 2925 sed
474 2875 563 2925 eadem
587 2876 723 2926 intellectu
746 2877 884 2926 difficilior.

401 2944 516 2993 Primum
549 2943 628 3008 igitur
661 2944 741 2994 Polus
775 2944 884 3006 dubitat,

370 3036 374 3047 ν
402 3027 462 3060 num
480 3011 599 3061 Socrates
618 3013 674 3077 ipse
691 3029 782 3063 revera
799 3015 836 3062 ita
852 3013 884 3062 de

401 3079 530 3129 rhetorica
542 3080 642 3129 sentiat.
661 3081 750 3145 Itaque
763 3083 800 3131 sie
812 3081 882 3130 infit:

401 3147 487 3207 Quid
527 3163 615 3210 vero,
659 3166 674 3199 ο
710 3149 884 3210 Socrates,

401 3231 475 3264 num
492 3217 592 3265 etiam
610 3217 655 3265 ita
674 3217 710 3266 de
727 3225 800 3267 arte
818 3217 883 3266 rhe-

401 3284 506 3332 torica
540 3285 661 3346 sentis,
697 3285 746 3333 uti
775 3286 882 3335 dieis?

400 3352 467 3400 Tum
496 3349 612 3417 sophista
634 3353 756 3417 Gorgiam
780 3354 818 3402 sic
840 3352 882 3402 de·

399 3419 495 3483 tendit,
519 3426 548 3469 ut
571 3436 603 3470 ex
621 3437 666 3481 eo,
693 3420 882 3486 quodpropter

398 3488 581 3537 verecundiam
595 3489 758 3550 concesserit,
773 3517 804 3525 —
823 3504 882 3538 con·

399 3556 475 3606 cessit
485 3561 570 3606 autem
582 3571 660 3620 supra
674 3572 696 3605 e.
706 3556 775 3605 XIV.
786 3573 810 3620 p.
823 3554 881 3606 459.

398 3624 431 3674 D.
445 3649 476 3663 -·
487 3621 546 3674 460.
558 3624 589 3673 Α.
604 3650 637 3659 -
655 3631 781 3674 oratorem
799 3625 882 3674 colere

398 3692 474 3741 etiam
508 3692 633 3741 iustitiam
663 3697 689 3741 et
719 3693 880 3742 honestatem

398 3758 495 3821 solere,
518 3759 669 3822 nentiquam
686 3761 809 3825 consequi
828 3776 880 3810 mo·

397 3831 464 3889 neat,
481 3826 566 3875 utille
584 3842 671 3876 secum
689 3827 746 3892 ipso
763 3844 880 3893 pugnare

397 3893 584 3944 existimandus
619 3895 659 3943 sit.
711 3897 751 3944 De
786 3895 880 3959 quibus

396 3963 482 4011 verbis
511 3977 581 4011 nunc
605 3962 747 4012 videamus.
781 3964 817 4012 nt
838 3965 880 4014 hic

396 4030 500 4094 quidem
522 4031 642 4095 quoniam
659 4027 699 4096 pq*
721 4033 880 4093 aposopoio·

396 4102 472 4163 γῆσαι
494 4099 547 4148 fere
567 4097 636 4147 idem
654 4105 693 4148 est
710 4099 778 4164 quod
794 4095 879 4164 ἀπαρ-

398 4167 518 4224 νεῖσθαι,
542 4173 611 4216 recte
633 4163 667 4232 μὴ
685 4163 746 4230 ούχί
766 4170 879 4232 ponitur,

395 4233 464 4296 quod
492 4240 592 4284 constat
620 4235 656 4284 ita
680 4242 739 4300 post
766 4237 879 4301 negandi

394 4299 475 4350 verba
496 4303 592 4353 inferri.
610 4319 635 4352 ν.
653 4303 686 4352 ad
703 4302 836 4354 Phaedon.
853 4319 878 4368 p.

396 4364 436 4416 72.
454 4369 487 4418 D.
516 4371 626 4421 Elmsl.
654 4370 686 4420 ad
712 4370 791 4436 Sopb.
814 4369 878 4421 Oed.

935 2472 998 2534 Tyr.
1016 2487 1040 2519 v.
1059 2467 1100 2521 13.
1134 2472 1225 2534 Itaque
1247 2488 1310 2522 mox
1328 2472 1415 2523 dicitur

935 2539 988 2588 sic:
1014 2541 1071 2587 τίνα
1092 2538 1143 2588 οἴει
1163 2535 1370 2606 ἀπαρνήσεσθαι
1386 2536 1416 2623 μη

935 2603 992 2670 ούχὶ
1023 2607 1065 2655 καὶ
1099 2602 1180 2655 αὐτὸν
1205 2605 1366 2658 ἐπίστασθαι
1391 2625 1416 2657 ια

935 2674 1036 2733 bricam
1055 2675 1112 2736 Quo
1124 2674 1247 2738 loquendi
1257 2691 1353 2742 genere
1368 2691 1415 2726 ncn

935 2744 998 2792 satis
1010 2749 1143 2806 perspecto
1159 2742 1343 2794 Carnarius
1360 2751 1416 2794 ante

936 2806 1056 2875 ᾐσχύνθη
1086 2811 1216 2875 interponi
1248 2812 1335 2861 voluit
1363 2809 1414 2862 ούκ

935 2880 1003 2927 Tum
1021 2877 1053 2926 ad
1071 2874 1119 2927 ἐὰν
1136 2876 1169 2944 μὴ
1187 2878 1252 2943 ἔλθη
1271 2882 1318 2933 int.
1338 2876 1353 2929 δ
1372 2879 1415 2946 τὴν

936 2941 1076 3029 ρἠιορικην
1098 2943 1261 3008 βουλόμενοι’
1280 2949 1382 3008 μαθεῖν
1397 2965 1416 2998 a.

936 3030 971 3064 us
980 3014 1149 3078 μαθησεσθαι
1161 3012 1259 3073 μέλλων
1278 3011 1326 3082 τὴν
1345 3012 1415 3082 ῥητο-

937 3077 1019 3147 ρικήν.
1043 3080 1084 3129 Ad
1102 3077 1181 3134 αὐτὸς
1194 3079 1314 3145 διδάξειν
1332 3095 1414 3134 autern
1443 3124 1447 3133 .

934 3165 967 3198 ex
980 3164 1129 3215 praegresso
1143 3145 1177 3214 μὴ
1193 3155 1417 3219 προσομολογῆσαι

934 3217 1041 3266 verbum
1053 3216 1198 3266 affirmandi
1211 3220 1354 3282 petendum
1371 3227 1415 3282 est

933 3301 1003 3335 more
1020 3300 1073 3334 non
1089 3285 1254 3350 infrequenti.
1283 3287 1416 3339 Hactenus

932 3354 1013 3418 igitur
1028 3353 1056 3402 in
1074 3352 1246 3403 vado-omnia
1265 3363 1336 3404 sunt.
1368 3355 1416 3407 aad

932 3422 959 3470 in
972 3421 1097 3485 proximis
1111 3421 1173 3470 olim
1183 3422 1308 3473 haerebat
1319 3425 1416 3474 vitium.

932 3487 1081 3539 Ponebatur
1114 3491 1183 3538 enirn
1211 3495 1271 3554 post
1301 3489 1415 3555 διδάξειν

932 3563 990 3618 aut,
1019 3556 1087 3621 quod
1117 3557 1286 3622 Stephano
1309 3559 1415 3624 placuit,

931 3632 989 3690 post
1007 3625 1092 3674 ἔπειτα
1111 3626 1213 3690 signum
1232 3626 1415 3694 interrogandi.

931 3693 1013 3757 Atqui
1046 3698 1105 3756 post
1139 3689 1256 3755 διδάξειν
1290 3703 1415 3747 commate

931 3760 1143 3826 distinguendum
1173 3761 1229 3811 fuit.
1270 3761 1416 3814 Cobaerent

931 3830 999 3878 enirn
1009 3829 1073 3878 ista:
1086 3828 1172 3877 ἔπειτα
1183 3825 1210 3878 ἐκ
1221 3825 1313 3895 ταύτης
1323 3849 1346 3881 ιι.
1357 3851 1377 3882 τ.
1386 3833 1414 3891 h,

930 3914 989 3948 curn
1006 3912 1156 3962 praegresso
1173 3895 1220 3946 illo
1238 3892 1254 3961 ἢ
1271 3899 1337 3952 οἴει,
1360 3915 1415 3950 sen·

930 3982 988 4016 sum
1010 3963 1056 4015 ubi
1081 3970 1241 4030 spectamus,
1264 3968 1414 4017 arctissime.

931 4036 1093 4099 Quamquam
1114 4032 1191 4083 illata
1213 4037 1274 4081 sunt
1291 4049 1338 4098 per
1356 4051 1414 4085 ana·

931 4101 1063 4163 coluthon,
1086 4099 1295 4165 quandoquidem
1312 4118 1360 4167 pro
1377 4119 1414 4164 eo,

930 4167 999 4233 quod
1026 4183 1082 4217 esse
1105 4167 1228 4229 debebat,
1253 4167 1377 4220 ἐναντίον
1394 4188 1414 4219 τι
1439 4186 1444 4196 ·

931 4234 1075 4299 συμβῆναι,
1100 4237 1153 4285 iam
1173 4233 1253 4286 verbo
1274 4235 1350 4288 finito
1372 4254 1414 4303 pc·

929 4302 1013 4352 nitur:
1036 4299 1158 4352 ἐναντίον
1182 4322 1204 4353 τι
1221 4303 1336 4368 συνέβη,
1360 4322 1413 4370 per·

928 4368 989 4419 inde
1012 4383 1043 4419 ac
1060 4370 1084 4420 si
1100 4370 1151 4420 οἴει
1167 4386 1220 4422 non
1237 4375 1412 4424 antecesserit
