3242 5259
557 604 738 665 GORGIAS.
761 606 794 664 P.
817 609 887 662 483.
909 606 955 665 ed.
978 607 1021 665 st.
1239 609 1298 665 199

282 790 340 843 τας
360 766 459 832 πλέον
487 765 585 850 έχειν,
614 766 668 830 ἴνα
694 765 737 850 μὴ
759 768 868 831 αὐταῖν
888 766 987 832 πλέον
1007 767 1115 850 ἔχωσι,
1136 765 1297 849 λέγουσιν,

248 926 252 930 .
283 867 328 941 ὡς
349 866 484 948 αἰσχρὸν
510 865 564 929 καὶ
591 865 705 930 ἀδικον
732 866 769 929 τὸ
789 868 1007 943 πλεονεκτεῖν,
1034 865 1088 929 καὶ
1117 876 1213 930 τοῦτο
1233 863 1299 930 ἔστι

282 966 320 1042 τὸ
341 962 482 1036 ἀδικεῖν,
513 959 550 1027 τὸ
570 960 669 1028 πλέον
689 966 754 1026 τῶν
773 965 880 1026 ἄλλων
900 967 1003 1046 ζητεῖν
1024 961 1121 1046 έχειν·
1150 964 1298 1046 ἀμαποῖοι

282 1064 359 1143 peip,
391 1055 495 1142 οἶμαι,
526 1060 617 1124 αὐτοὶ
638 1049 680 1124 ἀν
699 1059 736 1123 τὸ
766 1060 839 1126 ἴσον
859 1058 950 1144 ἔχωσι
978 1064 1171 1143 φαυλότεροι
1198 1066 1298 1138 ὄντες.

286 1159 367 1249 Cap.
390 1159 558 1227 XXXIX.
601 1158 654 1223 διὰ
681 1167 783 1226 ταῦτα
822 1160 863 1245 δὴ
889 1164 980 1248 νόμῳ
1015 1164 1073 1247 μέν
1099 1173 1195 1229 τοῦτο
1231 1163 1297 1227 ἀδι-

282 1282 344 1324 κον
364 1259 419 1324 καλ
440 1259 571 1341 αἰσχρὸν
591 1256 723 1340 λέγεται,
745 1258 781 1322 τὸ
802 1259 901 1325 πλέον
918 1265 1020 1344 ζητεῖν
1037 1258 1119 1344 ἔχειν
1138 1266 1203 1325 τῶν
1221 1263 1297 1325 πολ-

283 1362 359 1435 λῶν,
381 1356 434 1423 καὶ
456 1358 579 1422 ἀδικεῖν
600 1357 679 1422 αὐτὸ
699 1361 871 1422 καλοῦσιν·
900 1356 976 1441 ἠδέ
996 1380 1043 1439 με,
1065 1353 1171 1442 οἶμαι,
1201 1361 1298 1440 φύσις

283 1455 365 1538 αὐτὴ
386 1455 561 1538 ἀποφαίνει
581 1456 679 1533 αὐτό,
708 1455 757 1519 ὅτι
776 1455 902 1519 δίκαιόν
921 1451 988 1519 ἐστι
1016 1456 1075 1520 τὸν
1095 1458 1213 1539 ἀμείνω
1240 1465 1299 1520 τοῦ
1327 1454 1359 1518 D

282 1555 426 1636 χείρονος
447 1551 545 1617 πλέον
574 1549 656 1636 ἔχειν
675 1553 730 1617 καὶ
755 1554 813 1617 τὸν
841 1554 1064 1634 δυνατώτερον
1090 1562 1150 1620 τοῦ
1180 1555 1297 1619 ἀδυνα-

282 1650 434 1733 τωτέοον.
475 1651 570 1734 δηλοῖ
588 1649 622 1715 δέ
641 1657 743 1715 ταῦτα
762 1655 925 1734 πολλαχοῦ
946 1652 995 1716 ὅτι
1016 1652 1119 1728 οὕτως
1140 1649 1217 1736 έχει,
1245 1652 1298 1717 καὶ

282 1857 356 1924 οἶμαι
373 1863 411 1914 sie
428 1861 496 1912 inter
511 1861 650 1912 articulum
673 1866 700 1912 et
724 1877 818 1913 nomen
839 1863 1003 1914 interiectum
1026 1863 1092 1915 bene
1114 1869 1201 1916 tuetur
1216 1864 1298 1915 Hein-

282 1931 381 1981 derfius
408 1930 563 1997 comparatis
588 1930 654 1982 loeis
678 1931 719 1980 De
742 1932 805 1996 Rep.
828 1932 902 1982 VIII.
932 1948 957 1997 p.
979 1930 1037 1984 564.
1060 1933 1091 1982 A.
1115 1938 1141 1983 et
1162 1934 1296 1984 Demostb.

281 2001 356 2064 Lept.
376 2000 400 2060 ὅ.
418 1996 456 2060 4.,
473 1998 520 2048 ubi
543 1993 614 2059 οἶμαι
637 1999 705 2048 inter
728 1999 945 2064 praepositionem
967 2004 993 2050 et
1008 2015 1103 2051 nomen
1127 2001 1296 2054 interiectum.

282 2070 322 2117 De
341 2065 453 2117 articulo
470 2064 537 2117 coni.
554 2066 688 2116 Demosth.
706 2067 763 2116 adv.
782 2065 1057 2132 Conon.p.1268.27.
1075 2068 1114 2118 ed.
1132 2070 1174 2119 R.:
1193 2069 1221 2118 oi
1237 2066 1297 2133 γάρ,

281 2129 371 2196 οἶμαι,
396 2131 521 2198 βέλτιστοι
543 2135 585 2183 καὶ
607 2131 698 2199 ἥκιστα
719 2152 741 2185 κ.
765 2153 783 2185 ι.
807 2135 838 2195 λ,
863 2136 922 2187 coll.
947 2135 1078 2186 Sebaeier.
1100 2138 1197 2201 Appar.
1215 2138 1246 2186 Τ.
1265 2137 1297 2186 V.

281 2219 306 2269 p.
325 2201 368 2253 96.
402 2199 476 2253 Addo
493 2202 534 2252 De
555 2204 617 2266 Rep.
640 2201 712 2251 VIII.
733 2218 759 2268 p.
781 2201 840 2254 568.
863 2204 892 2257 Ο.
933 2203 1039 2254 Scilicet
1061 2204 1175 2254 Graecos
1196 2208 1298 2255 constat

280 2268 451 2336 parenthesin
469 2271 574 2333 erebus,
592 2286 670 2334 quam
687 2286 734 2321 nos
746 2271 867 2334 solemus,
885 2287 943 2322 cum
952 2273 1074 2337 primaria
1086 2273 1214 2322 enuntiati
1224 2277 1297 2337 perte

280 2338 452 2390 coniunxisse
469 2343 496 2387 et
511 2353 571 2388 eum
588 2353 619 2388 ea
635 2338 708 2388 velut
724 2339 752 2387 in
769 2355 850 2389 unum
868 2340 1024 2391 confudisse.
1050 2341 1136 2391 Tenui
1153 2346 1241 2391 tamen
1258 2341 1297 2390 in·

279 2405 487 2473 terpunetienem
504 2404 694 2472 perspicuitatis
712 2420 813 2456 caussa.

332 2476 365 2525 D.
379 2469 568 2538 ἀποφαίνει
586 2469 680 2540 αὐτό]
700 2473 743 2524 Sic
761 2474 850 2525 Clark.
862 2475 921 2525 Vat.
939 2474 1019 2525 Coisl.
1031 2474 1110 2526 Viud.
1121 2474 1145 2525 1.
1156 2474 1180 2527 2.
1195 2473 1219 2526 6.
1237 2476 1296 2527 Par.

280 2541 436 2593 Bcnrw.
453 2542 522 2593 Flor.
540 2559 563 2593 a.
580 2541 606 2592 b.
625 2558 648 2592 e.
665 2541 689 2593 d.
707 2543 724 2592 f.
736 2559 770 2595 m.
789 2559 811 2592 o.
830 2558 850 2592 s.
867 2559 896 2592 x.
911 2541 989 2610 Vulg.
1007 2539 1154 2607 ἀποφαίνοι
1170 2539 1211 2593 ἄν.
1229 2543 1297 2594 Bek-

280 2610 362 2661 kerus
380 2615 406 2660 et
422 2610 498 2663 Turn.
516 2625 549 2661 ex
566 2611 627 2662 Par.
644 2611 676 2662 V.
695 2610 821 2663 dederunt
838 2606 983 2673 ἀποφαίνει
1000 2603 1041 2660 αὖ.

279 2796 309 2844 in
336 2793 421 2845 libera
444 2793 578 2860 republica
606 2795 763 2854 viventibus,
816 2811 972 2861 quamquam
999 2813 1052 2847 non
1079 2795 1200 2863 displieet
1229 2797 1298 2862 quod

279 2863 370 2928 qualis
400 2863 451 2912 fuit
473 2863 567 2914 civitas
588 2864 764 2926 Atheniensis,
816 2864 989 2915 Bekkerus
1013 2880 1047 2914 ex
1063 2880 1117 2915 uno
1135 2865 1191 2916 sed.
1209 2865 1241 2916 V.
1259 2881 1297 2917 re

279 2933 391 2981 verbum
415 2930 529 2982 medium
549 2937 703 2996 usurpatum
726 2948 764 2983 se·
816 2933 886 2997 eepit
902 2929 1048 2996 ἀποφαίνει
1070 2925 1112 2984 αὖ.
1147 2935 1215 2984 Nam
1231 2934 1298 2984 diffl-
1341 2945 1344 2952 '

280 3016 328 3050 eus
345 3014 388 3049 res
406 3014 433 3048 se
450 2998 543 3062 habet,
561 2999 607 3048 ubi
624 3015 707 3051 sermo
725 3007 765 3050 est
816 3000 893 3051 eilier
908 3001 957 3052 Illa
977 3001 1055 3051 lectio
1072 3001 1152 3052 facile
1168 3003 1253 3067 potuit
1269 3004 1298 3052 in

279 3067 313 3118 de
336 3067 469 3132 tyrannis,
492 3068 539 3132 qui
560 3067 663 3118 uiribus
685 3070 764 3133 impe·
816 3070 891 3133 peius
912 3070 1021 3130 mutari,
1049 3070 1130 3122 alteru
1151 3085 1205 3120 uon
1226 3070 1297 3121 item.

280 3141 342 3186 rant
370 3149 438 3200 quae
467 3134 524 3186 fieri
557 3136 680 3199 eupiunt,
714 3138 765 3201 ipsi
817 3137 919 3201 Quippe
936 3133 1000 3186 αὐτό
1022 3137 1184 3188 referendum
1203 3144 1242 3188 est
1264 3138 1297 3188 ad

278 3210 368 3253 autem
380 3202 483 3268 legibus
495 3219 547 3253 non
561 3203 763 3269 obstringuntur.
817 3201 845 3253 rb
863 3203 943 3253 πλέον
961 3206 1046 3270 ζητεῖν
1063 3205 1130 3268 ἔχειν
1143 3210 1194 3256 τῶν
1205 3203 1296 3256 ἄλλων.

278 3299 315 3310 -
338 3268 417 3322 τοὺς
448 3268 612 3324 ἀπαίνουο
636 3278 663 3322 et
690 3269 763 3324 roris
817 3273 904 3334 Quum
921 3280 1007 3322 autem
1023 3273 1153 3323 sufficeret
1168 3273 1298 3324 addidisse

277 3334 411 3457 titii:
425 3339 765 3472 titillrissttllt
815 3338 1297 3473 ittt‘ttitt.bigitti&

279 3473 377 3540 quibus
408 3473 449 3523 uti
480 3481 677 3526 consueverunt.
711 3445 764 3525 vidi
812 3445 1090 3540 bispraeeedentibu's,
1107 3475 1202 3526 adiecit
1218 3476 1297 3526 etiam

277 3541 454 3593 Matthias.
479 3543 524 3593 Gr.
543 3544 565 3604 9.
582 3541 641 3594 267.
664 3544 765 3594 Krue·
816 3543 895 3593 haec:
919 3540 965 3592 τὸν
986 3540 1086 3604 ἀμείνω
1109 3547 1155 3594 τοῦ
1176 3547 1296 3609 χείρονος

280 3626 345 3677 ger.
365 3610 409 3659 Gr.
428 3611 450 3671 ἓ.
468 3608 511 3672 46,
527 3609 552 3673 ὁ,
570 3608 594 3661 1.
816 3629 838 3661 κ.
858 3629 877 3660 r.
895 3612 915 3659 λ.

315 3678 345 3727 0.
373 3673 527 3744 ἀγαπῶσι
554 3675 631 3745 γάρ,
661 3671 763 3745 οἶμαι]
852 3676 952 3742 δηλοῖ
981 3677 1016 3728 δέ
1050 3685 1148 3729 ταῦτα
1186 3679 1297 3729 πολλα·
1372 3697 1375 3702 ·

279 3761 353 3796 nam
371 3746 631 3806 eontentisunt‚
649 3746 763 3796 utMen.
816 3744 881 3811 χοῦ]
904 3748 938 3796 Η.
961 3761 983 3796 e.
1012 3747 1223 3798 manifestum
1249 3752 1298 3798 est

298 3849 304 3861 .
324 3810 364 3862 75.
384 3813 413 3862 O.
430 3813 471 3863 De
493 3813 602 3879 Republ.
621 3813 640 3867 1.
656 3829 689 3932 p
705 3811 764 3866 330.
817 3820 924 3864 autem
941 3813 1009 3877 hoe,
1027 3815 1091 3880 δῆλα
1110 3814 1140 3865 δέ
1157 3812 1298 3865 rabidiora

278 3830 309 3930 b.
328 3880 376 3931 IIL
394 3896 419 3946 p.
436 3877 495 3931 399.
513 3882 543 3931 Ο.
560 3882 592 3932 V.
614 3898 639 3947 p.
674 3875 764 3933 50.AE
816 3884 951 3946 πολλαχοῦ.
985 3883 1143 3934 Herodet.
1170 3883 1221 3946 IX,
1250 3881 1297 3934 68:

280 3949 350 3998 Tim.
367 3963 393 4012 p.
411 3945 453 3998 29.
472 3947 500 3999 0.
518 3965 543 4014 p.
555 3947 602 4001 230.
619 3950 649 3999 Β.
668 3949 701 4002 al.
818 3948 895 4014 δηλοῖ
927 3968 953 4000 τε
985 3949 1056 4011 ἐμοὶ,
1091 3949 1129 4001 ὅτι
1158 3947 1242 4000 πάντα
1270 3949 1299 4000 τὰ

315 4017 380 4081 Cep.
402 4016 526 4067 XXXIX.
549 4018 582 4067 D.
617 4013 763 4080 ἀποφαί·
817 4016 871 4084 πρή
888 4035 952 4078 ματα
967 4023 1019 4068 τοῖν
1029 4016 1177 4082 βαρβάρων
1187 4013 1299 4082 ἤρτηντο

282 4079 437 4141 νειαάτά,
457 4082 560 4152 tcta]
595 4085 712 4149 Vulgata
729 4084 764 4133 le·
817 4085 846 4134 ἑκ
890 4085 1001 4150 πραέων.
1035 4085 1073 4135 Id.
1090 4087 1129 4148 11,
1155 4084 1218 4136 117:
1237 4083 1299 4136 nurui

280 4153 332 4202 etio
349 4147 497 4214 ἀποφαίνοι
514 4147 547 4202 ἄν
562 4168 616 4203 rem
632 4153 716 4203 lenius
735 4167 765 4201 ae
817 4158 893 4203 ταῦτα
919 4151 949 4203 δὲ
977 4149 1006 4201 wi
1030 4152 1213 4218 ἔπεα-δηλοῖ
1239 4157 1298 4271 ἳπ-

279 4219 423 4270 modestius
446 4220 588 4286 signifieat,
618 4236 694 4286 quam
717 4236 764 4284 pro
815 4223 887 4285 tet),
916 4217 954 4270 ὅτι
978 4215 1027 4269 οὐκ
1049 4217 1161 4284 Ὁμ’ρον
1189 4218 1218 4271 τὰ
1268 4220 1297 4272 ν’-

279 4287 401 4338 Calliclis
418 4287 540 4353 superbia
557 4295 583 4338 et
599 4287 764 4339 confidentia.
817 4306 880 4352 πρια
898 4284 962 4338 ἕπεά
980 4286 1060 4347 ἐστιν,
1077 4239 1124 4338 ubi
1136 4289 1298 4340 Valcken.

280 4355 362 4406 Oodd.
390 4354 497 4421 plurimi
522 4353 665 4420 ἀποφαίνει
692 4352 764 4414 αὐτό,
815 4357 910 4406 frustra
934 4354 1012 4422 δῆλον
1034 4355 1187 4424 corrigebat.
1215 4358 1298 4408 Plat.

278 4422 350 4490 quod
390 4424 569 4490 reeipiendum
606 4425 765 4491 putarimus,
815 4426 855 4475 De
872 4424 981 4490 Republ.
999 4425 1044 4475 VI.
1067 4441 1092 4490 p.
1109 4423 1168 4477 497.
1186 4425 1220 4477 C:
1244 4424 1300 4477 τότε
