3242 5259
476 595 661 657 GORGIAS.
684 598 717 655 P.
741 600 812 658 498.
835 597 879 654 ed.
903 594 945 654 St.
1169 596 1228 654 237

209 761 315 825 πολλὰ
336 771 469 824 τοιαῦτα
491 762 682 842 μυθολογώ,
715 755 811 821 οὐδὲν
841 781 871 820 τι
899 761 1021 839 μᾶλλον
1041 759 1231 840 pernitiose,-

212 863 315 923 ΚΑΛ.
343 850 437 923 Τοῦτ’
459 856 675 940 ἀληθέστερον
696 856 830 938 εἴρηκας,
855 847 880 918 ὦ
901 856 1080 935 Σώκρατες.

278 960 358 1047 (lap.
381 957 540 1024 XLVIII.
600 960 674 1021 ΣΩ.
707 956 787 1037 Φέρε
817 956 875 1038 δή,
914 961 1014 1039 ἄλλην
1041 970 1093 1020 σοι
1121 957 1230 1019 εἰκόνα

212 1060 295 1141 λέγω
317 1059 352 1121 ἐκ
372 1067 430 1120 τοῦ
451 1059 552 1120 αὐτοῦ
580 1056 763 1137 γυμνασίου
792 1064 830 1136 τῇ
859 1064 929 1118 νῦν.
958 1055 1069 1119 σκόπει
1096 1055 1173 1136 yolo,
1204 1055 1231 1116 εί

212 1157 339 1220 τοιόνδε
360 1153 461 1234 λέγεις
481 1153 554 1232 περὶ
575 1163 633 1216 τοῦ
656 1154 731 1233 βίον
753 1151 905 1234 ἑκατέρου
926 1159 985 1216 τοῦ
1006 1174 1039 1215 τε
1061 1155 1231 1234 σώφρονος

213 1255 267 1318 καὶ
290 1263 349 1317 τοῦ
371 1254 569 1323 οίκολοίστου,
602 1244 674 1314 οἷον
695 1251 722 1314 εί
742 1251 838 1313 δυοῖν
859 1251 994 1332 α’νδροῖν
1023 1248 1160 1334 ἑκατέρῳ
1181 1251 1229 1312 rri-

213 1357 271 1416 θοι
292 1350 407 1415 πολλοὶ
428 1344 510 1422 εἷεν,
540 1349 594 1413 ααὶ
622 1351 666 1433 τῷ
687 1348 745 1430 μὲν
774 1345 870 1434 ἑτέρῳ
891 1347 990 1427 ὑγιεῖς
1018 1347 1072 1412 καί
1091 1350 1230 1431 πλήρεις,

214 1450 232 1512 ὁ
261 1447 320 1530 μὲν
351 1448 462 1524 οίνου,
490 1447 509 1510 ὁ
536 1446 570 1510 δὲ
596 1445 738 1528 μέλιτος,
770 1446 788 1509 ὁ
819 1445 852 1510 δὲ
881 1448 1039 1526 γάλακτος
1066 1445 1120 1509 καὶ
1139 1450 1230 1509 ἄλλοι
1265 1466 1293 1530 Ε

213 1544 328 1610 πολλοὶ
349 1549 493 1620 πολλῶν,
521 1547 648 1626 νάματα
677 1542 710 1608 δὲ
733 1545 853 1607 σττιίνια
881 1543 935 1607 καὶ
955 1543 1075 1626 χαλεπὰ
1096 1542 1231 1608 ἕκαστον

266 1764 377 1813 πείθοι
395 1766 426 1811 τί
442 1777 476 1810 σε
494 1762 547 1811 καί
566 1759 796 1827 μετατίθεσαι]
817 1762 905 1814 Clark.
922 1762 982 1812 vat.
1007 1768 1033 1812 et
1055 1762 1161 1827 plurimi
1187 1762 1231 1811 alii

216 1848 273 1881 cum
293 1833 353 1880 Bas.
365 1828 390 1880 2.
408 1831 603 1890 μετατίθεσθαι.
627 1830 677 1879 Sed
695 1831 772 1880 unice
789 1846 853 1880 vera
870 1836 910 1880 est
927 1830 1005 1880 lectio
1020 1831 1136 1896 vulgata,
1154 1845 1231 1894 quam

214 1905 320 1948 tuentur
337 1898 416 1947 Goisl.
436 1903 461 1946 et
477 1898 543 1948 Ven.
564 1898 592 1947 Ξ.

266 1968 299 2015 D.
319 1962 334 2031 ἢ
354 1961 419 2014 οὐδ’
438 1962 477 2014 ἄν
495 1962 571 2014 ἄλλα
590 1963 690 2014 πολλὰ
709 1963 738 2030 ι]
757 1967 788 2016 V.
808 1962 935 2031 totuin,
954 1962 1005 2015 ἀλλ’
1024 1963 1117 2014 ἄνκαὶ
1137 1983 1162 2014 π.
1181 1964 1232 2015 Sed

216 2035 305 2084 Clark.
323 2034 382 2082 Vat.
407 2032 484 2082 Vind.
506 2032 530 2084 2.
553 2031 576 2083 6.
601 2035 659 2082 Par.
684 2034 773 2082 BIW.
797 2034 866 2083 Flor.
890 2050 912 2083 a.
935 2033 960 2083 b.
979 2050 1001 2083 c.
1019 2051 1044 2082 x.
1072 2033 1146 2082 Bodl.
1170 2030 1232 2082 ἀλλὰ

216 2099 303 2152 πολλά.
345 2100 409 2149 Inde
431 2101 580 2150 felicissime
604 2101 734 2165 Sanppius
764 2102 845 2166 Epist.
869 2103 924 2150 crit.
947 2118 970 2166 p.
995 2099 1052 2151 122.
1075 2101 1231 2165 exsculpsit:

214 2167 271 2219 οὐδ’
291 2167 328 2218 ἂν
343 2165 404 2217 ἄλλα
428 2165 520 2226 πολλοί,
546 2167 615 2232 quod
637 2170 780 2233 recepimus
801 2170 952 2219 Hermanno
975 2175 1123 2234 praeeunte.
1164 2169 1231 2217 Dein

215 2238 293 2287 Vind.
312 2235 336 2286 6.
354 2237 519 2302 μυθολογῶν.
554 2236 674 2285 Ceterum
698 2237 830 2302 vulgatam
853 2242 958 2286 tuentur
981 2236 1059 2286 Coisl.
1084 2237 1149 2285 Ven.
1170 2236 1193 2284 Ξ
1201 2234 1231 2284 Σ.

215 2307 269 2354 alii.
615 2318 619 2324 ·

265 2374 297 2422 E.
323 2371 377 2420 καί
401 2367 489 2420 ἄλλοι
514 2372 629 2420 πολλοὶ
653 2370 796 2437 πολλῶν]
833 2373 939 2422 Meerm.
958 2371 1029 2421 Bodl.
1055 2367 1124 2420 ἄλλοι
1147 2367 1232 2420 ἄλλων

217 2443 324 2490 πολλῶν.
344 2455 368 2490 v.
387 2440 455 2488 infra
472 2444 607 2490 comment.

216 2640 383 2706 δειξάμενος,
418 2657 469 2706 qno
496 2643 614 2692 restituto
642 2647 701 2707 post

216 2707 275 2763 οἶός
295 2728 320 2760 τε
339 2702 360 2760 ol
385 2715 510 2760 commate
535 2710 701 2759 distinximus

215 2780 368 2828 orationem.
407 2779 474 2828 Nam
497 2784 627 2828 structura
650 2794 701 2827 ser·

216 2848 302 2896 monis
320 2847 384 2895 haec
397 2851 450 2896 est:
469 2842 483 2894 ὃ
498 2843 548 2911 ἐγώ
563 2861 603 2895 σοι
613 2844 698 2895 ἐνδει-

216 2913 330 2977 ξάμενος
349 2911 475 2977 florilegus
492 2940 524 2949 -
543 2919 630 2963 πεῖσαι
656 2931 699 2974 με·

217 2981 358 3039 πυθέσθαι,
377 2981 699 3047 quoprobandoego‚

217 3051 246 3099 si
270 3050 410 3114 possim,
439 3049 642 3114 persuadere
665 3051 700 3098 ti·

217 3119 249 3166 bi
267 3117 380 3181 cupio,
398 3123 433 3166 ut
450 3119 623 3168 sententia
640 3133 702 3166 mu·

217 3191 290 3234 tata
318 3189 452 3234 statuas
475 3200 533 3250 pro
556 3186 627 3234 vita
656 3187 701 3234 in-

218 3253 421 3317 temperanti
445 3252 528 3318 eligi
546 3257 700 3317 oportere

217 3320 481 3384 temperantiam.
510 3320 630 3370 Ceterum
649 3321 701 3370 Co·

217 3404 294 3437 raes
324 3388 420 3437 conice.
451 3391 542 3437 πεῖσαί
569 3404 598 3438 σε
626 3405 700 3448 μετα-

217 3454 330 3504 θέσθαι.

254 3522 306 3572 καί
340 3524 560 3582 μετατίθεσαι
590 3520 701 3574 εὐδαι-

219 3590 451 3654 μονεστέρους
481 3583 570 3640 εἶναι
596 3590 642 3657 -]
673 3596 703 3640 et

219 3663 347 3707 mutata
376 3659 549 3708 sententia
578 3660 701 3709 statuis

219 3727 399 3776 feliciores
417 3741 488 3776 esse
507 3733 554 3776 etc.
569 3743 594 3776 v.
607 3727 702 3777 Hein-

219 3794 300 3844 dorf.
319 3792 352 3842 ad
369 3794 395 3843 h.
412 3793 429 3842 l.
453 3800 478 3842 et
495 3800 585 3844 nostra
601 3794 635 3844 ad
651 3796 702 3856 Eu·

218 3862 358 3927 thyphron.
376 3878 400 3926 p.
419 3860 443 3915 9.
462 3863 494 3910 D.

256 3932 288 3978 1).
326 3927 341 3994 ἢ
365 3924 432 3979 οὐδ’
452 3925 653 3978 τίν-οὐδὲν
677 3948 702 3979 τι

219 3995 358 4063 μᾶλλον]
376 3993 704 4064 Denegationopostorlis'

219 4066 331 4130 repetita
354 4080 379 4114 v.
402 4072 488 4118 annot.
512 4065 545 4115 ad
567 4067 640 4129 Reip.
657 4065 702 4114 IV.

219 4149 244 4198 p.
262 4132 322 4183 426.
341 4133 370 4182 Β.

256 4201 319 4265 Cap.
338 4200 458 4250 XLVIII.
476 4198 511 4250 ἐκ
529 4193 585 4250 rori
602 4197 704 4250 αὐτοῦ

220 4271 413 4334 γυμνασίου
436 4273 477 4332 ,τῇ
510 4268 582 4332 νῦν]
624 4269 657 4317 Η.
681 4285 703 4318 e.

220 4336 336 4386 itidem
368 4334 407 4385 ab
440 4337 483 4384 iis
518 4336 703 4401 repetitam,

220 4422 236 4453 a
255 4405 377 4467 quibus
395 4411 501 4454 sumta
528 4412 598 4454 erat
616 4403 704 4453 febu-

752 2643 785 2692 la
802 2641 893 2692 modo
911 2647 1054 2692 narrato.
1072 2642 1233 2692 Palaestram

751 2709 853 2759 videtur
878 2711 1011 2759 nominare
1040 2710 1156 2760 scholam
1183 2712 1233 2774 Py-

751 2779 932 2843 thagoreorum
960 2778 1001 2827 vel
1033 2780 1119 2843 potius
1141 2780 1234 2843 Empe·

751 2847 877 2906 docleam,
898 2847 925 2895 in
944 2862 995 2910 qua
1012 2846 1162 2896 huiusmodi
1179 2863 1234 2911 my-

751 2915 853 2964 thornm
870 2914 1007 2964 involucra
1026 2915 1140 2964 studiose
1158 2930 1233 2978 qnae-

752 2983 884 3047 rebantup
902 2983 941 3032 De
959 2982 1082 3047 loquendi
1099 2999 1194 3048 genere
1210 2998 1233 3031 v.

751 3050 920 3100 Matthiae.
940 3052 962 3111 ξ.
980 3048 1039 3101 385.
1061 3051 1129 3100 Nam
1146 3067 1234 3115 perpe.
1317 3042 1322 3054 ·
1349 3072 1353 3080 .

751 3134 807 3167 ram
825 3118 852 3166 in
868 3117 1010 3168 Iamblicho
1028 3134 1111 3182 nuper
1128 3120 1234 3168 Kiess-

752 3185 883 3249 lingius
906 3187 1005 3249 recepit
1027 3184 1074 3251 τὴυ
1094 3192 1150 3235 νῦν.
1186 3187 1234 3235 Fa-

753 3253 829 3302 bulae
848 3258 1029 3317 argumentum
1047 3254 1097 3303 hoc
1114 3259 1167 3303 est:
1185 3255 1233 3302 Fa-

753 3323 851 3370 ciamus
873 3320 938 3370 dnos
956 3336 1012 3370 esse
1033 3320 1165 3383 homines,
1190 3321 1235 3384 qui

752 3388 834 3437 multa
850 3387 965 3438 habeant
981 3386 1065 3449 dolia,
1089 3387 1154 3437 alter
1171 3387 1235 3436 inte·

752 3472 800 3522 gra
818 3462 849 3505 et,
860 3457 935 3517 vino,
952 3456 1044 3517 melle,
1067 3454 1135 3505 lacte
1153 3455 1234 3519 reple-

754 3533 795 3585 ta,
824 3524 889 3573 alter
911 3525 1041 3589 perforata
1073 3539 1103 3573 ac
1131 3523 1234 3587 putrida

752 3590 891 3655 fluidisque
914 3590 946 3640 ad
971 3589 1115 3656 parendum
1133 3589 1234 3641 difficil-

753 3659 823 3708 limis
841 3659 955 3722 impleta.
991 3659 1051 3720 Ille,
1075 3660 1150 3708 ouius
1172 3675 1236 3709 vasa

753 3728 856 3792 integra
873 3732 945 3786 sunt,
964 3726 995 3776 de
1013 3728 1046 3776 iis
1063 3727 1112 3776 erit
1129 3742 1235 3777 securus

753 3810 836 3858 neque
854 3795 908 3844 ullo
926 3795 1002 3844 modo
1024 3794 1166 3854 sollicitum
1190 3795 1235 3844 hic

754 3871 857 3923 contra,
885 3868 927 3922 ut,
961 3870 1086 3927 quantum
1114 3862 1235 3924 diffluxit,

753 3935 854 3980 tantum
886 3930 970 3980 denuo
1001 3930 1077 3980 doliis
1107 3931 1235 3990 infundat,

754 3999 809 4048 dies
837 4004 975 4062 noctesque
1006 3996 1150 4058 laborabit,
1184 3999 1235 4047 nisi

755 4067 877 4116 extremis
900 4065 1032 4115 doloribus
1058 4065 1126 4114 affici
1148 4066 1235 4115 volue-

754 4136 795 4184 rit.
829 4133 874 4182 Illi
891 4139 1048 4197 temperans,
1066 4133 1127 4182 huic
1145 4134 1235 4184 intem·

753 4217 848 4266 perans
865 4206 904 4248 est
921 4199 1083 4261 simillimus,
1105 4200 1174 4250 unde
1193 4217 1236 4266 ap·

754 4275 828 4333 paret
844 4267 914 4316 hunc
932 4283 988 4316 esse
1006 4269 1177 4318 miserrimum
1193 4286 1236 4319 ne·

755 4353 803 4401 que
821 4335 923 4384 felicem
940 4335 1148 4400 praedicandum.

788 4405 819 4453 E.
842 4404 894 4452 καί
912 4401 1002 4453 ἄλλοι
1027 4405 1140 4454 πολλοὶ
1165 4408 1236 4454 πολ-
