<?xml version="1.0" encoding="UTF-8"?>
<!DOCTYPE html PUBLIC "-//W3C//DTD XHTML 1.0 Transitional//EN"
    "http://www.w3.org/TR/xhtml1/DTD/xhtml1-transitional.dtd">
<html xmlns="http://www.w3.org/1999/xhtml" xml:lang="en" lang="en">
 <head>
  <title>
</title>
<meta http-equiv="Content-Type" content="text/html;charset=utf-8" />
  <meta name='ocr-system' content='tesseract 3.04.00' />
  <meta name='ocr-capabilities' content='ocr_page ocr_carea ocr_par ocr_line ocrx_word'/>
</head>
<body>
  <div class='ocr_page' id='page_1' title='image "./platonisgorgias02platgoog_0330.png"; bbox 0 0 3242 5259; ppageno 0'>
   <div class='ocr_carea' id='block_1_1' title="bbox 557 592 1297 654">
    <p class='ocr_par' dir='ltr' id='par_1_1' title="bbox 557 592 1297 654">
     <span class='ocr_line' id='line_1_1' title="bbox 557 592 1297 654; baseline -0.005 0"><span class='ocrx_word' id='word_1_1' title='bbox 557 592 741 654; x_wconf 78' lang='lat' dir='ltr'><strong>GORGIAS.</strong></span> <span class='ocrx_word' id='word_1_2' title='bbox 763 594 796 652; x_wconf 92' lang='lat' dir='ltr'>P.</span> <span class='ocrx_word' id='word_1_3' title='bbox 821 597 890 652; x_wconf 76' lang='lat'>513.</span> <span class='ocrx_word' id='word_1_4' title='bbox 912 593 958 651; x_wconf 89' lang='lat' dir='ltr'>ed.</span> <span class='ocrx_word' id='word_1_5' title='bbox 981 592 1024 651; x_wconf 85' lang='lat' dir='ltr'>St.</span> <span class='ocrx_word' id='word_1_6' title='bbox 1236 597 1297 650; x_wconf 84' lang='lat'>299</span> 
     </span>
    </p>
   </div>
   <div class='ocr_carea' id='block_1_2' title="bbox 278 750 1361 1233">
    <p class='ocr_par' dir='ltr' id='par_1_2' title="bbox 278 750 1361 1233">
     <span class='ocr_line' id='line_1_2' title="bbox 278 750 1361 840; baseline -0.003 -16"><span class='ocrx_word' id='word_1_7' title='bbox 278 764 391 824; x_wconf 85' lang='grc' dir='ltr'><em>στατεῖ</em></span> <span class='ocrx_word' id='word_1_8' title='bbox 417 775 488 840; x_wconf 89' lang='grc' dir='ltr'><em>μοι·</em></span> <span class='ocrx_word' id='word_1_9' title='bbox 520 757 586 820; x_wconf 80' lang='grc' dir='ltr'><em>ἀλλ’</em></span> <span class='ocrx_word' id='word_1_10' title='bbox 617 754 675 819; x_wconf 80' lang='grc' dir='ltr'><em>ἐὰν</em></span> <span class='ocrx_word' id='word_1_11' title='bbox 694 756 846 830; x_wconf 79' lang='grc' dir='ltr'><strong><em>πολλάκις</em></strong></span> <span class='ocrx_word' id='word_1_12' title='bbox 873 755 950 830; x_wconf 76' lang='grc' dir='ltr'><strong><em>ἴσως</em></strong></span> <span class='ocrx_word' id='word_1_13' title='bbox 977 754 1031 817; x_wconf 84' lang='grc' dir='ltr'><em>καὶ</em></span> <span class='ocrx_word' id='word_1_14' title='bbox 1053 752 1179 835; x_wconf 83' lang='grc' dir='ltr'><em>βέλτιον</em></span> <span class='ocrx_word' id='word_1_15' title='bbox 1198 750 1301 817; x_wconf 79' lang='grc' dir='ltr'><em>ταύτὰ</em></span> <span class='ocrx_word' id='word_1_16' title='bbox 1329 757 1361 821; x_wconf 90' lang='grc' dir='ltr'>Ι)</span> 
     </span>
     <span class='ocr_line' id='line_1_3' title="bbox 278 844 1298 937; baseline -0.007 -15"><span class='ocrx_word' id='word_1_17' title='bbox 278 868 385 922; x_wconf 83' lang='grc' dir='ltr'><em>ταῦτα</em></span> <span class='ocrx_word' id='word_1_18' title='bbox 411 855 678 937; x_wconf 76' lang='grc' dir='ltr'><em>διασκοπῶμεθα,</em></span> <span class='ocrx_word' id='word_1_19' title='bbox 712 855 889 936; x_wconf 78' lang='grc' dir='ltr'><em>πεισθήοει.</em></span> <span class='ocrx_word' id='word_1_20' title='bbox 915 854 1141 935; x_wconf 74' lang='grc' dir='ltr'><em>ἀναμνήσθητι</em></span> <span class='ocrx_word' id='word_1_21' title='bbox 1171 844 1199 915; x_wconf 82' lang='grc' dir='ltr'>δ’</span> <span class='ocrx_word' id='word_1_22' title='bbox 1226 845 1298 925; x_wconf 78' lang='grc' dir='ltr'><em>οὖν,</em></span> 
     </span>
     <span class='ocr_line' id='line_1_4' title="bbox 278 945 1299 1034; baseline -0.007 -15"><span class='ocrx_word' id='word_1_23' title='bbox 278 951 331 1019; x_wconf 84' lang='grc' dir='ltr'><em>ὅτι</em></span> <span class='ocrx_word' id='word_1_24' title='bbox 358 945 409 1017; x_wconf 80' lang='grc' dir='ltr'><em>δύ’</em></span> <span class='ocrx_word' id='word_1_25' title='bbox 437 949 560 1034; x_wconf 80' lang='grc' dir='ltr'><em>ἔφαμεν</em></span> <span class='ocrx_word' id='word_1_26' title='bbox 588 945 669 1014; x_wconf 78' lang='grc' dir='ltr'><em>εἶναι</em></span> <span class='ocrx_word' id='word_1_27' title='bbox 699 950 756 1025; x_wconf 79' lang='grc' dir='ltr'>τὰς</span> <span class='ocrx_word' id='word_1_28' title='bbox 782 950 989 1031; x_wconf 83' lang='grc' dir='ltr'><em>παρασκευὰς</em></span> <span class='ocrx_word' id='word_1_29' title='bbox 1018 949 1068 1013; x_wconf 76' lang='grc' dir='ltr'>ἐπὶ</span> <span class='ocrx_word' id='word_1_30' title='bbox 1099 952 1136 1014; x_wconf 91' lang='grc' dir='ltr'>τὸ</span> <span class='ocrx_word' id='word_1_31' title='bbox 1163 950 1299 1013; x_wconf 77' lang='grc' dir='ltr'><em>ἕκαστον</em></span> 
     </span>
     <span class='ocr_line' id='line_1_5' title="bbox 280 1044 1300 1134; baseline -0.009 -17"><span class='ocrx_word' id='word_1_32' title='bbox 280 1052 485 1134; x_wconf 78' lang='grc' dir='ltr'><strong><em>θεραπεύειν,</em></strong></span> <span class='ocrx_word' id='word_1_33' title='bbox 504 1049 558 1114; x_wconf 83' lang='grc' dir='ltr'><em>καὶ</em></span> <span class='ocrx_word' id='word_1_34' title='bbox 579 1053 670 1131; x_wconf 78' lang='grc' dir='ltr'><em>σῶμα</em></span> <span class='ocrx_word' id='word_1_35' title='bbox 691 1048 745 1112; x_wconf 83' lang='grc' dir='ltr'><em>καὶ</em></span> <span class='ocrx_word' id='word_1_36' title='bbox 765 1049 885 1130; x_wconf 79' lang='grc' dir='ltr'><em>ψυχήν,</em></span> <span class='ocrx_word' id='word_1_37' title='bbox 905 1050 983 1129; x_wconf 79' lang='grc' dir='ltr'><em>μίαν</em></span> <span class='ocrx_word' id='word_1_38' title='bbox 1002 1044 1061 1129; x_wconf 79' lang='grc' dir='ltr'>μὲν</span> <span class='ocrx_word' id='word_1_39' title='bbox 1080 1049 1161 1129; x_wconf 81' lang='grc' dir='ltr'><em>πρὸς</em></span> <span class='ocrx_word' id='word_1_40' title='bbox 1175 1045 1300 1130; x_wconf 79' lang='grc' dir='ltr'><em>ἡδονὴν</em></span> 
     </span>
     <span class='ocr_line' id='line_1_6' title="bbox 281 1144 1298 1233; baseline -0.008 -18"><span class='ocrx_word' id='word_1_41' title='bbox 281 1151 417 1233; x_wconf 81' lang='grc' dir='ltr'><em>ὁμιλεῖν,</em></span> <span class='ocrx_word' id='word_1_42' title='bbox 438 1148 498 1231; x_wconf 76' lang='grc' dir='ltr'><em>τὴν</em></span> <span class='ocrx_word' id='word_1_43' title='bbox 519 1144 629 1229; x_wconf 77' lang='grc' dir='ltr'><em>ἑτέραν</em></span> <span class='ocrx_word' id='word_1_44' title='bbox 651 1145 685 1209; x_wconf 81' lang='grc' dir='ltr'>δὲ</span> <span class='ocrx_word' id='word_1_45' title='bbox 705 1146 785 1226; x_wconf 85' lang='grc' dir='ltr'><em>πρὸς</em></span> <span class='ocrx_word' id='word_1_46' title='bbox 805 1148 842 1209; x_wconf 90' lang='grc' dir='ltr'>τὸ</span> <span class='ocrx_word' id='word_1_47' title='bbox 864 1144 1048 1227; x_wconf 82' lang='grc' dir='ltr'><em>βέλτιστον,</em></span> <span class='ocrx_word' id='word_1_48' title='bbox 1069 1145 1113 1228; x_wconf 79' lang='grc' dir='ltr'><em>μὴ</em></span> <span class='ocrx_word' id='word_1_49' title='bbox 1133 1167 1298 1225; x_wconf 83' lang='grc' dir='ltr'><em>καταχαρι-</em></span> 
     </span>
    </p>
   </div>
   <div class='ocr_carea' id='block_1_3' title="bbox 279 1236 1352 2014">
    <p class='ocr_par' dir='ltr' id='par_1_3' title="bbox 279 1236 1352 2014">
     <span class='ocr_line' id='line_1_7' title="bbox 280 1236 1298 1332; baseline -0.01 -18"><span class='ocrx_word' id='word_1_50' title='bbox 280 1250 434 1332; x_wconf 85' lang='grc' dir='ltr'><em>ζόμενον,</em></span> <span class='ocrx_word' id='word_1_51' title='bbox 465 1244 546 1310; x_wconf 77' lang='grc' dir='ltr'><em>ἀλλὰ</em></span> <span class='ocrx_word' id='word_1_52' title='bbox 574 1245 820 1327; x_wconf 80' lang='grc' dir='ltr'><em>διαμαχόμενον.</em></span> <span class='ocrx_word' id='word_1_53' title='bbox 853 1237 893 1307; x_wconf 88' lang='grc' dir='ltr'><em>ού</em></span> <span class='ocrx_word' id='word_1_54' title='bbox 913 1249 1015 1308; x_wconf 82' lang='grc' dir='ltr'><em>ταῦτα</em></span> <span class='ocrx_word' id='word_1_55' title='bbox 1034 1236 1077 1325; x_wconf 79' lang='grc' dir='ltr'><em>ἦν</em></span> <span class='ocrx_word' id='word_1_56' title='bbox 1097 1245 1118 1306; x_wconf 78' lang='grc' dir='ltr'><strong><em>ἃ</em></strong></span> <span class='ocrx_word' id='word_1_57' title='bbox 1137 1243 1207 1306; x_wconf 86' lang='grc' dir='ltr'><em>τότε</em></span> <span class='ocrx_word' id='word_1_58' title='bbox 1228 1241 1298 1319; x_wconf 81' lang='grc' dir='ltr'><em>ὡρι-</em></span> 
     </span>
     <span class='ocr_line' id='line_1_8' title="bbox 279 1336 1297 1426; baseline -0.009 -15"><span class='ocrx_word' id='word_1_59' title='bbox 279 1349 420 1426; x_wconf 68' lang='grc' dir='ltr'><em>ζόμεθα,</em></span> <span class='ocrx_word' id='word_1_60' title='bbox 451 1347 554 1406; x_wconf 85' lang='grc' dir='ltr'><em>ΚΑΛ.</em></span> <span class='ocrx_word' id='word_1_61' title='bbox 584 1342 681 1405; x_wconf 92' lang='grc' dir='ltr'><em>Πάνυ</em></span> <span class='ocrx_word' id='word_1_62' title='bbox 709 1363 754 1422; x_wconf 82' lang='grc' dir='ltr'>γε.</span> <span class='ocrx_word' id='word_1_63' title='bbox 796 1344 874 1405; x_wconf 68' lang='lat' dir='ltr'>nst.</span> <span class='ocrx_word' id='word_1_64' title='bbox 906 1340 1041 1405; x_wconf 82' lang='grc' dir='ltr'><em>Ουἰιοῦν</em></span> <span class='ocrx_word' id='word_1_65' title='bbox 1068 1339 1170 1424; x_wconf 75' lang='grc' dir='ltr'><em>ἠμὲν</em></span> <span class='ocrx_word' id='word_1_66' title='bbox 1199 1336 1297 1420; x_wconf 78' lang='grc' dir='ltr'><em>ἑτέρα,</em></span> 
     </span>
     <span class='ocr_line' id='line_1_9' title="bbox 279 1433 1299 1528; baseline -0.007 -21"><span class='ocrx_word' id='word_1_67' title='bbox 279 1446 301 1528; x_wconf 80' lang='grc' dir='ltr'><em>ἦ</em></span> <span class='ocrx_word' id='word_1_68' title='bbox 332 1445 415 1526; x_wconf 82' lang='grc' dir='ltr'><em>πρὸς</em></span> <span class='ocrx_word' id='word_1_69' title='bbox 442 1441 584 1525; x_wconf 74' lang='grc' dir='ltr'><em>ἡδονήν,</em></span> <span class='ocrx_word' id='word_1_70' title='bbox 622 1439 759 1522; x_wconf 81' lang='grc' dir='ltr'><em>άχεννὴς</em></span> <span class='ocrx_word' id='word_1_71' title='bbox 787 1438 842 1504; x_wconf 84' lang='grc' dir='ltr'><em>καὶ</em></span> <span class='ocrx_word' id='word_1_72' title='bbox 871 1433 968 1503; x_wconf 78' lang='grc' dir='ltr'><em>οὐδὲν</em></span> <span class='ocrx_word' id='word_1_73' title='bbox 996 1442 1074 1503; x_wconf 87' lang='grc' dir='ltr'><em>άλλο</em></span> <span class='ocrx_word' id='word_1_74' title='bbox 1102 1438 1123 1520; x_wconf 78' lang='grc' dir='ltr'><em>ἢ</em></span> <span class='ocrx_word' id='word_1_75' title='bbox 1151 1437 1299 1501; x_wconf 77' lang='grc' dir='ltr'><em>κολακεία</em></span> 
     </span>
     <span class='ocr_line' id='line_1_10' title="bbox 280 1531 1352 1624; baseline -0.009 -18"><span class='ocrx_word' id='word_1_76' title='bbox 280 1543 435 1624; x_wconf 76' lang='grc' dir='ltr'><em>τυγχάνει</em></span> <span class='ocrx_word' id='word_1_77' title='bbox 455 1533 547 1603; x_wconf 85' lang='grc' dir='ltr'><em>ούοα.</em></span> <span class='ocrx_word' id='word_1_78' title='bbox 568 1531 589 1620; x_wconf 74' lang='grc' dir='ltr'><strong><em>ἦ</em></strong></span> <span class='ocrx_word' id='word_1_79' title='bbox 610 1539 690 1619; x_wconf 80' lang='grc' dir='ltr'><em>χάρ;</em></span> <span class='ocrx_word' id='word_1_80' title='bbox 713 1539 819 1603; x_wconf 87' lang='grc' dir='ltr'><em>ΚΑΛ.</em></span> <span class='ocrx_word' id='word_1_81' title='bbox 833 1531 949 1616; x_wconf 82' lang='grc' dir='ltr'><em>Ἔστω,</em></span> <span class='ocrx_word' id='word_1_82' title='bbox 971 1538 998 1600; x_wconf 85' lang='grc' dir='ltr'>ελ</span> <span class='ocrx_word' id='word_1_83' title='bbox 1019 1538 1144 1617; x_wconf 80' lang='grc' dir='ltr'><em>βούλει,</em></span> <span class='ocrx_word' id='word_1_84' title='bbox 1175 1534 1227 1599; x_wconf 80' lang='lat' dir='ltr'>ool</span> <span class='ocrx_word' id='word_1_85' title='bbox 1249 1534 1301 1600; x_wconf 80' lang='grc' dir='ltr'><em>ού·</em></span> <span class='ocrx_word' id='word_1_86' title='bbox 1323 1533 1352 1596; x_wconf 82' lang='grc' dir='ltr'><strong>Ε</strong></span> 
     </span>
     <span class='ocr_line' id='line_1_11' title="bbox 280 1629 1302 1717; baseline -0.008 -13"><span class='ocrx_word' id='word_1_87' title='bbox 280 1663 354 1714; x_wconf 83' lang='grc' dir='ltr'><em>τως.</em></span> <span class='ocrx_word' id='word_1_88' title='bbox 396 1640 475 1701; x_wconf 73' lang='grc' dir='ltr'>ΣΩ.</span> <span class='ocrx_word' id='word_1_89' title='bbox 505 1639 543 1699; x_wconf 88' lang='grc' dir='ltr'><strong>Η</strong></span> <span class='ocrx_word' id='word_1_90' title='bbox 566 1634 600 1699; x_wconf 79' lang='grc' dir='ltr'>δέ</span> <span class='ocrx_word' id='word_1_91' title='bbox 628 1657 664 1717; x_wconf 80' lang='grc' dir='ltr'>γε</span> <span class='ocrx_word' id='word_1_92' title='bbox 694 1631 804 1717; x_wconf 81' lang='grc' dir='ltr'><em>ἑτέρα,</em></span> <span class='ocrx_word' id='word_1_93' title='bbox 837 1629 925 1710; x_wconf 82' lang='grc' dir='ltr'><em>ὅπως</em></span> <span class='ocrx_word' id='word_1_94' title='bbox 951 1635 995 1710; x_wconf 78' lang='grc' dir='ltr'>ὡς</span> <span class='ocrx_word' id='word_1_95' title='bbox 1023 1633 1188 1716; x_wconf 83' lang='grc' dir='ltr'><em>βέλτιστον</em></span> <span class='ocrx_word' id='word_1_96' title='bbox 1216 1631 1302 1697; x_wconf 76' lang='grc' dir='ltr'><em>ἔσται</em></span> 
     </span>
     <span class='ocr_line' id='line_1_12' title="bbox 281 1728 1300 1816; baseline -0.009 -13"><span class='ocrx_word' id='word_1_97' title='bbox 281 1748 390 1810; x_wconf 85' lang='grc' dir='ltr'><em>τοῦτο,</em></span> <span class='ocrx_word' id='word_1_98' title='bbox 411 1735 471 1799; x_wconf 75' lang='grc' dir='ltr'><em>εἴτε</em></span> <span class='ocrx_word' id='word_1_99' title='bbox 493 1737 584 1816; x_wconf 79' lang='grc' dir='ltr'><em>σῶμα</em></span> <span class='ocrx_word' id='word_1_100' title='bbox 605 1734 754 1815; x_wconf 80' lang='grc' dir='ltr'><em>τυγχάνει</em></span> <span class='ocrx_word' id='word_1_101' title='bbox 775 1728 815 1797; x_wconf 78' lang='lat' dir='ltr'>dv</span> <span class='ocrx_word' id='word_1_102' title='bbox 833 1733 893 1796; x_wconf 79' lang='grc' dir='ltr'><em>εἴτε</em></span> <span class='ocrx_word' id='word_1_103' title='bbox 907 1735 1004 1815; x_wconf 79' lang='grc' dir='ltr'><em>ψυχή,</em></span> <span class='ocrx_word' id='word_1_104' title='bbox 1025 1734 1043 1797; x_wconf 88' lang='grc' dir='ltr'>ὃ</span> <span class='ocrx_word' id='word_1_105' title='bbox 1060 1733 1300 1814; x_wconf 70' lang='grc' dir='ltr'><em>θεραπεύομεν,</em></span> 
     </span>
     <span class='ocr_line' id='line_1_13' title="bbox 284 1819 1301 1914; baseline -0.007 -14"><span class='ocrx_word' id='word_1_106' title='bbox 284 1837 390 1900; x_wconf 86' lang='grc' dir='ltr'><em>ΚΑΛ.</em></span> <span class='ocrx_word' id='word_1_107' title='bbox 422 1833 520 1896; x_wconf 92' lang='grc' dir='ltr'><em>Πάνυ</em></span> <span class='ocrx_word' id='word_1_108' title='bbox 545 1854 590 1914; x_wconf 80' lang='grc' dir='ltr'>γε.</span> <span class='ocrx_word' id='word_1_109' title='bbox 632 1833 712 1894; x_wconf 65' lang='lat' dir='ltr'>Est.</span> <span class='ocrx_word' id='word_1_110' title='bbox 733 1819 795 1910; x_wconf 71' lang='grc' dir='ltr'>Ἆρ’</span> <span class='ocrx_word' id='word_1_111' title='bbox 827 1825 888 1894; x_wconf 83' lang='grc' dir='ltr'><em>οὖν</em></span> <span class='ocrx_word' id='word_1_112' title='bbox 913 1829 1017 1906; x_wconf 82' lang='grc' dir='ltr'><em>οὕτως</em></span> <span class='ocrx_word' id='word_1_113' title='bbox 1043 1831 1122 1913; x_wconf 79' lang='grc' dir='ltr'><em>ἡμῖν</em></span> <span class='ocrx_word' id='word_1_114' title='bbox 1149 1829 1301 1913; x_wconf 78' lang='grc' dir='ltr'><em>ἐπιχειρη-</em></span> 
     </span>
     <span class='ocr_line' id='line_1_14' title="bbox 279 1929 1301 2014; baseline -0.006 -16"><span class='ocrx_word' id='word_1_115' title='bbox 279 1931 356 1998; x_wconf 83' lang='grc' dir='ltr'><em>τέον</em></span> <span class='ocrx_word' id='word_1_116' title='bbox 385 1929 450 1995; x_wconf 76' lang='grc' dir='ltr'>ἐστὶ</span> <span class='ocrx_word' id='word_1_117' title='bbox 478 1941 516 2014; x_wconf 73' lang='grc' dir='ltr'>τῇ</span> <span class='ocrx_word' id='word_1_118' title='bbox 545 1930 635 1994; x_wconf 88' lang='grc' dir='ltr'><em>πόλει</em></span> <span class='ocrx_word' id='word_1_119' title='bbox 663 1929 717 1993; x_wconf 85' lang='grc' dir='ltr'><em>καὶ</em></span> <span class='ocrx_word' id='word_1_120' title='bbox 745 1932 814 2004; x_wconf 84' lang='grc' dir='ltr'><em>τοῖς</em></span> <span class='ocrx_word' id='word_1_121' title='bbox 842 1929 986 2003; x_wconf 83' lang='grc' dir='ltr'><em>πολίταις</em></span> <span class='ocrx_word' id='word_1_122' title='bbox 1013 1929 1224 2011; x_wconf 74' lang='grc' dir='ltr'><em>θεραπεύειν,</em></span> <span class='ocrx_word' id='word_1_123' title='bbox 1258 1930 1301 2004; x_wconf 78' lang='grc' dir='ltr'>ὡς</span> 
     </span>
    </p>
   </div>
   <div class='ocr_carea' id='block_1_4' title="bbox 281 2126 1301 2252">
    <p class='ocr_par' dir='ltr' id='par_1_4' title="bbox 281 2126 1301 2252">
     <span class='ocr_line' id='line_1_15' title="bbox 281 2126 1301 2252; baseline -0.004 -68"><span class='ocrx_word' id='word_1_124' title='bbox 281 2138 358 2252; x_wconf 49' lang='lat' dir='ltr'>griffit</span> <span class='ocrx_word' id='word_1_125' title='bbox 373 2139 433 2198; x_wconf 83' lang='lat' dir='ltr'>poet</span> <span class='ocrx_word' id='word_1_126' title='bbox 460 2127 628 2196; x_wconf 74' lang='grc' dir='ltr'><em>θεραπεύειν.</em></span> <span class='ocrx_word' id='word_1_127' title='bbox 674 2129 743 2181; x_wconf 84' lang='lat' dir='ltr'>Dein</span> <span class='ocrx_word' id='word_1_128' title='bbox 768 2128 848 2181; x_wconf 78' lang='lat' dir='ltr'>(ioiel.</span> <span class='ocrx_word' id='word_1_129' title='bbox 876 2127 924 2195; x_wconf 80' lang='grc' dir='ltr'><em>τὴν</em></span> <span class='ocrx_word' id='word_1_130' title='bbox 947 2127 977 2179; x_wconf 80' lang='grc' dir='ltr'>δὲ</span> <span class='ocrx_word' id='word_1_131' title='bbox 1001 2126 1105 2193; x_wconf 76' lang='grc' dir='ltr'><em>ἑτέραν,</em></span> <span class='ocrx_word' id='word_1_132' title='bbox 1134 2127 1204 2194; x_wconf 88' lang='lat' dir='ltr'>quod</span> <span class='ocrx_word' id='word_1_133' title='bbox 1229 2129 1301 2180; x_wconf 81' lang='lat' dir='ltr'><strong>dedit</strong></span> 
     </span>
     <span class='ocr_line' id='line_1_16' title="bbox 304 2217 394 2252; baseline -0.022 0"><span class='ocrx_word' id='word_1_134' title='bbox 304 2219 318 2252; x_wconf 89' lang='lat' dir='ltr'>e</span> <span class='ocrx_word' id='word_1_135' title='bbox 359 2217 394 2251; x_wconf 87' lang='lat' dir='ltr'>er.</span> 
     </span>
    </p>
   </div>
   <div class='ocr_carea' id='block_1_5' title="bbox 281 2280 1380 2422">
    <p class='ocr_par' dir='ltr' id='par_1_5' title="bbox 281 2280 1380 2422">
     <span class='ocr_line' id='line_1_17' title="bbox 331 2280 1380 2365; baseline -0.003 -12"><span class='ocrx_word' id='word_1_136' title='bbox 331 2304 364 2354; x_wconf 87' lang='lat' dir='ltr'>E.</span> <span class='ocrx_word' id='word_1_137' title='bbox 389 2299 421 2351; x_wconf 83' lang='lat' dir='ltr'>el</span> <span class='ocrx_word' id='word_1_138' title='bbox 440 2298 570 2365; x_wconf 87' lang='grc' dir='ltr'><em>βούλει,</em></span> <span class='ocrx_word' id='word_1_139' title='bbox 596 2301 646 2350; x_wconf 80' lang='lat' dir='ltr'>roi</span> <span class='ocrx_word' id='word_1_140' title='bbox 673 2296 791 2365; x_wconf 76' lang='lat' dir='ltr'>oritur]</span> <span class='ocrx_word' id='word_1_141' title='bbox 822 2299 866 2351; x_wconf 89' lang='lat' dir='ltr'>Sio</span> <span class='ocrx_word' id='word_1_142' title='bbox 891 2299 1009 2365; x_wconf 77' lang='lat' dir='ltr'>plerique</span> <span class='ocrx_word' id='word_1_143' title='bbox 1033 2297 1095 2349; x_wconf 91' lang='lat' dir='ltr'>libri</span> <span class='ocrx_word' id='word_1_144' title='bbox 1126 2314 1184 2348; x_wconf 88' lang='lat' dir='ltr'>oum</span> <span class='ocrx_word' id='word_1_145' title='bbox 1211 2299 1299 2350; x_wconf 73' lang='lat' dir='ltr'>Clarlu</span> <span class='ocrx_word' id='word_1_146' title='bbox 1375 2280 1380 2293; x_wconf 23' lang='grc' dir='ltr'><em>λ</em></span> 
     </span>
     <span class='ocr_line' id='line_1_18' title="bbox 281 2365 779 2422; baseline -0.01 -1"><span class='ocrx_word' id='word_1_147' title='bbox 281 2373 341 2421; x_wconf 85' lang='lat' dir='ltr'>Vat.</span> <span class='ocrx_word' id='word_1_148' title='bbox 360 2368 440 2422; x_wconf 71' lang='lat' dir='ltr'>corel.</span> <span class='ocrx_word' id='word_1_149' title='bbox 458 2370 527 2421; x_wconf 85' lang='lat' dir='ltr'>Vett.</span> <span class='ocrx_word' id='word_1_150' title='bbox 544 2367 617 2419; x_wconf 80' lang='lat' dir='ltr'>editt.</span> <span class='ocrx_word' id='word_1_151' title='bbox 637 2365 671 2418; x_wconf 85' lang='grc' dir='ltr'><em>ού</em></span> <span class='ocrx_word' id='word_1_152' title='bbox 688 2366 779 2420; x_wconf 73' lang='lat' dir='ltr'>odins.</span> 
     </span>
    </p>
   </div>
   <div class='ocr_carea' id='block_1_6' title="bbox 281 2467 1299 2673">
    <p class='ocr_par' dir='ltr' id='par_1_6' title="bbox 281 2467 1299 2673">
     <span class='ocr_line' id='line_1_19' title="bbox 334 2467 1299 2540; baseline -0.002 -19"><span class='ocrx_word' id='word_1_153' title='bbox 334 2469 413 2540; x_wconf 82' lang='grc' dir='ltr'><em>ἡμῖν</em></span> <span class='ocrx_word' id='word_1_154' title='bbox 447 2468 675 2535; x_wconf 74' lang='grc' dir='ltr'><em>ἐπιχειρητέον</em></span> <span class='ocrx_word' id='word_1_155' title='bbox 732 2469 776 2520; x_wconf 85' lang='lat' dir='ltr'>Sio</span> <span class='ocrx_word' id='word_1_156' title='bbox 804 2475 868 2521; x_wconf 84' lang='lat' dir='ltr'>vett.</span> <span class='ocrx_word' id='word_1_157' title='bbox 901 2469 971 2519; x_wconf 87' lang='lat' dir='ltr'>editt</span> <span class='ocrx_word' id='word_1_158' title='bbox 1002 2467 1090 2518; x_wconf 83' lang='lat' dir='ltr'><strong>Clark.</strong></span> <span class='ocrx_word' id='word_1_159' title='bbox 1125 2469 1184 2518; x_wconf 88' lang='lat' dir='ltr'>Vnt.</span> <span class='ocrx_word' id='word_1_160' title='bbox 1219 2467 1299 2519; x_wconf 83' lang='lat' dir='ltr'>Goisl.</span> 
     </span>
     <span class='ocr_line' id='line_1_20' title="bbox 281 2533 1299 2603; baseline -0.006 -11"><span class='ocrx_word' id='word_1_161' title='bbox 281 2543 346 2592; x_wconf 90' lang='lat' dir='ltr'>Ven.</span> <span class='ocrx_word' id='word_1_162' title='bbox 367 2539 427 2590; x_wconf 84' lang='grc' dir='ltr'>ΞΣ.</span> <span class='ocrx_word' id='word_1_163' title='bbox 448 2539 490 2588; x_wconf 91' lang='lat' dir='ltr'>alii</span> <span class='ocrx_word' id='word_1_164' title='bbox 510 2554 563 2588; x_wconf 92' lang='lat' dir='ltr'>non</span> <span class='ocrx_word' id='word_1_165' title='bbox 581 2539 659 2603; x_wconf 90' lang='lat' dir='ltr'>pauoi</span> <span class='ocrx_word' id='word_1_166' title='bbox 692 2555 740 2602; x_wconf 89' lang='grc' dir='ltr'><em>πιχ.</em></span> <span class='ocrx_word' id='word_1_167' title='bbox 760 2533 830 2602; x_wconf 77' lang='grc' dir='ltr'><em>ἡμῖν.</em></span> <span class='ocrx_word' id='word_1_168' title='bbox 865 2538 934 2587; x_wconf 84' lang='lat' dir='ltr'><strong>Dein</strong></span> <span class='ocrx_word' id='word_1_169' title='bbox 952 2537 1100 2602; x_wconf 78' lang='lat' dir='ltr'><strong>Stephanus</strong></span> <span class='ocrx_word' id='word_1_170' title='bbox 1117 2536 1207 2586; x_wconf 81' lang='lat' dir='ltr'>invitis</span> <span class='ocrx_word' id='word_1_171' title='bbox 1224 2534 1299 2587; x_wconf 82' lang='lat' dir='ltr'>libris</span> 
     </span>
     <span class='ocr_line' id='line_1_21' title="bbox 284 2603 1012 2673; baseline -0.005 -13"><span class='ocrx_word' id='word_1_172' title='bbox 284 2609 398 2660; x_wconf 82' lang='lat' dir='ltr'>correxit</span> <span class='ocrx_word' id='word_1_173' title='bbox 416 2603 463 2673; x_wconf 78' lang='grc' dir='ltr'><em>τὴν</em></span> <span class='ocrx_word' id='word_1_174' title='bbox 481 2604 557 2657; x_wconf 87' lang='grc' dir='ltr'><em>πόλιν</em></span> <span class='ocrx_word' id='word_1_175' title='bbox 575 2606 617 2656; x_wconf 75' lang='grc' dir='ltr'><em>καὶ</em></span> <span class='ocrx_word' id='word_1_176' title='bbox 637 2604 697 2659; x_wconf 69' lang='grc' dir='ltr'><em>τοὺς</em></span> <span class='ocrx_word' id='word_1_177' title='bbox 715 2608 828 2665; x_wconf 79' lang='grc' dir='ltr'><em>πολιίαε,</em></span> <span class='ocrx_word' id='word_1_178' title='bbox 846 2605 892 2655; x_wconf 87' lang='lat' dir='ltr'>sed</span> <span class='ocrx_word' id='word_1_179' title='bbox 909 2621 934 2655; x_wconf 84' lang='lat' dir='ltr'>v.</span> <span class='ocrx_word' id='word_1_180' title='bbox 951 2620 1012 2656; x_wconf 85' lang='lat' dir='ltr'>ann.</span> 
     </span>
    </p>
   </div>
   <div class='ocr_carea' id='block_1_7' title="bbox 281 2770 1390 4472">
    <p class='ocr_par' dir='ltr' id='par_1_7' title="bbox 281 2770 1390 4472">
     <span class='ocr_line' id='line_1_22' title="bbox 281 2770 1300 2847; baseline -0.004 -19"><span class='ocrx_word' id='word_1_181' title='bbox 281 2782 376 2829; x_wconf 88' lang='lat' dir='ltr'>ieotam</span> <span class='ocrx_word' id='word_1_182' title='bbox 410 2782 516 2847; x_wconf 76' lang='lat' dir='ltr'>putant3</span> <span class='ocrx_word' id='word_1_183' title='bbox 557 2776 766 2827; x_wconf 83' lang='lat' dir='ltr'>Sohaeferus</span> <span class='ocrx_word' id='word_1_184' title='bbox 819 2802 851 2814; x_wconf 89' lang='lat'>-</span> <span class='ocrx_word' id='word_1_185' title='bbox 877 2771 917 2840; x_wconf 83' lang='grc' dir='ltr'><em>μὴ</em></span> <span class='ocrx_word' id='word_1_186' title='bbox 946 2792 1058 2840; x_wconf 60' lang='lat' dir='ltr'>aurel„</span> <span class='ocrx_word' id='word_1_187' title='bbox 1080 2770 1159 2824; x_wconf 76' lang='grc' dir='ltr'><em>ἀλλὰ</em></span> <span class='ocrx_word' id='word_1_188' title='bbox 1189 2773 1300 2836; x_wconf 81' lang='grc' dir='ltr'><em>διαμα-</em></span> 
     </span>
     <span class='ocr_line' id='line_1_23' title="bbox 281 2841 1300 2910; baseline -0.005 -13"><span class='ocrx_word' id='word_1_189' title='bbox 281 2854 368 2898; x_wconf 89' lang='lat' dir='ltr'>autem</span> <span class='ocrx_word' id='word_1_190' title='bbox 392 2845 425 2896; x_wconf 90' lang='lat' dir='ltr'>ad</span> <span class='ocrx_word' id='word_1_191' title='bbox 443 2844 563 2910; x_wconf 85' lang='lat' dir='ltr'>Apollon.</span> <span class='ocrx_word' id='word_1_192' title='bbox 581 2843 663 2895; x_wconf 87' lang='lat' dir='ltr'>Rhod.</span> <span class='ocrx_word' id='word_1_193' title='bbox 682 2845 713 2893; x_wconf 82' lang='lat' dir='ltr'>T.</span> <span class='ocrx_word' id='word_1_194' title='bbox 731 2845 766 2893; x_wconf 91' lang='lat'>11.</span> <span class='ocrx_word' id='word_1_195' title='bbox 818 2841 974 2908; x_wconf 80' lang='grc' dir='ltr'><em>χύμενον,</em></span> <span class='ocrx_word' id='word_1_196' title='bbox 1010 2859 1074 2894; x_wconf 92' lang='lat' dir='ltr'>non</span> <span class='ocrx_word' id='word_1_197' title='bbox 1102 2843 1300 2909; x_wconf 78' lang='lat' dir='ltr'>gratifican-</span> 
     </span>
     <span class='ocr_line' id='line_1_24' title="bbox 282 2911 1301 2981; baseline -0.006 -15"><span class='ocrx_word' id='word_1_198' title='bbox 282 2933 305 2981; x_wconf 90' lang='lat' dir='ltr'>p.</span> <span class='ocrx_word' id='word_1_199' title='bbox 320 2912 379 2966; x_wconf 77' lang='lat'>582.</span> <span class='ocrx_word' id='word_1_200' title='bbox 398 2913 507 2964; x_wconf 86' lang='lat' dir='ltr'>eandem</span> <span class='ocrx_word' id='word_1_201' title='bbox 524 2912 661 2962; x_wconf 88' lang='lat' dir='ltr'>delendam</span> <span class='ocrx_word' id='word_1_202' title='bbox 680 2917 767 2962; x_wconf 85' lang='lat' dir='ltr'>censet</span> <span class='ocrx_word' id='word_1_203' title='bbox 818 2918 881 2962; x_wconf 89' lang='lat' dir='ltr'>tem</span> <span class='ocrx_word' id='word_1_204' title='bbox 909 2917 941 2961; x_wconf 93' lang='lat' dir='ltr'>et</span> <span class='ocrx_word' id='word_1_205' title='bbox 967 2911 1210 2973; x_wconf 75' lang='lat' dir='ltr'>blandientem,</span> <span class='ocrx_word' id='word_1_206' title='bbox 1244 2911 1301 2961; x_wconf 86' lang='lat' dir='ltr'>sed</span> 
     </span>
     <span class='ocr_line' id='line_1_25' title="bbox 282 2978 1390 3102; baseline -0.004 -2"><span class='ocrx_word' id='word_1_207' title='bbox 282 2988 378 3101; x_wconf 67' lang='lat' dir='ltr'>itit</span> <span class='ocrx_word' id='word_1_208' title='bbox 391 2987 541 3102; x_wconf 58' lang='grc' dir='ltr'><em>ῗὲῗύεὲιὶ</em></span> <span class='ocrx_word' id='word_1_209' title='bbox 554 2979 767 3098; x_wconf 69' lang='lat' dir='ltr'>tlitttttilt</span> <span class='ocrx_word' id='word_1_210' title='bbox 818 2987 1060 3098; x_wconf 58' lang='lat' dir='ltr'>{ttltltttt</span> <span class='ocrx_word' id='word_1_211' title='bbox 1074 2978 1301 3098; x_wconf 49' lang='lat' dir='ltr'>illitis</span> <span class='ocrx_word' id='word_1_212' title='bbox 1383 3027 1390 3038; x_wconf 87' lang='lat'><strong>·</strong></span> 
     </span>
     <span class='ocr_line' id='line_1_26' title="bbox 282 3112 1301 3184; baseline -0.003 -17"><span class='ocrx_word' id='word_1_213' title='bbox 282 3119 394 3184; x_wconf 83' lang='lat' dir='ltr'>copulae</span> <span class='ocrx_word' id='word_1_214' title='bbox 412 3119 467 3175; x_wconf 77' lang='lat' dir='ltr'>nul,</span> <span class='ocrx_word' id='word_1_215' title='bbox 492 3117 603 3182; x_wconf 87' lang='lat' dir='ltr'>quaein</span> <span class='ocrx_word' id='word_1_216' title='bbox 621 3115 695 3166; x_wconf 90' lang='lat' dir='ltr'>oodd.</span> <span class='ocrx_word' id='word_1_217' title='bbox 718 3116 767 3166; x_wconf 78' lang='lat' dir='ltr'>fre·</span> <span class='ocrx_word' id='word_1_218' title='bbox 819 3112 934 3176; x_wconf 81' lang='grc' dir='ltr'><em>ὁμιλεῖν,</em></span> <span class='ocrx_word' id='word_1_219' title='bbox 956 3117 985 3165; x_wconf 93' lang='lat' dir='ltr'>in</span> <span class='ocrx_word' id='word_1_220' title='bbox 1009 3132 1060 3181; x_wconf 89' lang='lat' dir='ltr'>quo</span> <span class='ocrx_word' id='word_1_221' title='bbox 1078 3117 1224 3166; x_wconf 84' lang='lat' dir='ltr'>continetur</span> <span class='ocrx_word' id='word_1_222' title='bbox 1241 3114 1301 3165; x_wconf 86' lang='lat' dir='ltr'>sub-</span> 
     </span>
     <span class='ocr_line' id='line_1_27' title="bbox 282 3180 1103 3251; baseline -0.005 -15"><span class='ocrx_word' id='word_1_223' title='bbox 282 3191 393 3251; x_wconf 87' lang='lat' dir='ltr'>quenter</span> <span class='ocrx_word' id='word_1_224' title='bbox 424 3199 483 3234; x_wconf 83' lang='lat' dir='ltr'>oum</span> <span class='ocrx_word' id='word_1_225' title='bbox 516 3180 552 3236; x_wconf 80' lang='lat' dir='ltr'>nir</span> <span class='ocrx_word' id='word_1_226' title='bbox 584 3183 766 3234; x_wconf 78' lang='lat' dir='ltr'>confundatur.</span> <span class='ocrx_word' id='word_1_227' title='bbox 818 3184 914 3233; x_wconf 88' lang='lat' dir='ltr'>ieotum</span> <span class='ocrx_word' id='word_1_228' title='bbox 931 3183 1103 3234; x_wconf 71' lang='lat' dir='ltr'>indefinitum</span> 
     </span>
     <span class='ocr_line' id='line_1_28' title="bbox 283 3246 1301 3317; baseline -0.004 -13"><span class='ocrx_word' id='word_1_229' title='bbox 283 3248 766 3317; x_wconf 68' lang='lat' dir='ltr'>QninAstiusillamantorretodri·</span> <span class='ocrx_word' id='word_1_230' title='bbox 849 3246 964 3309; x_wconf 83' lang='grc' dir='ltr'><em>Ἔστω,</em></span> <span class='ocrx_word' id='word_1_231' title='bbox 982 3251 1014 3301; x_wconf 89' lang='lat' dir='ltr'>el</span> <span class='ocrx_word' id='word_1_232' title='bbox 1029 3247 1160 3315; x_wconf 78' lang='grc' dir='ltr'><em>βούλει,</em></span> <span class='ocrx_word' id='word_1_233' title='bbox 1179 3251 1230 3298; x_wconf 82' lang='lat' dir='ltr'>ool</span> <span class='ocrx_word' id='word_1_234' title='bbox 1250 3248 1301 3300; x_wconf 85' lang='grc' dir='ltr'><em>ού-</em></span> 
     </span>
     <span class='ocr_line' id='line_1_29' title="bbox 284 3317 1301 3384; baseline -0.003 -13"><span class='ocrx_word' id='word_1_235' title='bbox 284 3338 324 3372; x_wconf 83' lang='grc' dir='ltr'>οει</span> <span class='ocrx_word' id='word_1_236' title='bbox 351 3321 424 3370; x_wconf 88' lang='lat' dir='ltr'>iubet</span> <span class='ocrx_word' id='word_1_237' title='bbox 450 3321 548 3371; x_wconf 83' lang='lat' dir='ltr'>inferri.</span> <span class='ocrx_word' id='word_1_238' title='bbox 593 3319 645 3369; x_wconf 85' lang='lat' dir='ltr'>Sed</span> <span class='ocrx_word' id='word_1_239' title='bbox 676 3318 767 3383; x_wconf 90' lang='lat' dir='ltr'>quidni</span> <span class='ocrx_word' id='word_1_240' title='bbox 821 3317 890 3384; x_wconf 77' lang='lat' dir='ltr'>rore]</span> <span class='ocrx_word' id='word_1_241' title='bbox 914 3321 943 3368; x_wconf 89' lang='lat' dir='ltr'>P.</span> <span class='ocrx_word' id='word_1_242' title='bbox 961 3317 1020 3370; x_wconf 79' lang='lat'>510.</span> <span class='ocrx_word' id='word_1_243' title='bbox 1037 3319 1075 3368; x_wconf 75' lang='lat' dir='ltr'>A:</span> <span class='ocrx_word' id='word_1_244' title='bbox 1099 3318 1165 3367; x_wconf 82' lang='grc' dir='ltr'><em>ἔστω</em></span> <span class='ocrx_word' id='word_1_245' title='bbox 1185 3331 1225 3365; x_wconf 88' lang='grc' dir='ltr'><em>σοι</em></span> <span class='ocrx_word' id='word_1_246' title='bbox 1243 3323 1301 3368; x_wconf 88' lang='grc' dir='ltr'><em>τοῦ·</em></span> 
     </span>
     <span class='ocr_line' id='line_1_30' title="bbox 282 3383 1302 3449; baseline -0.004 -11"><span class='ocrx_word' id='word_1_247' title='bbox 282 3391 350 3441; x_wconf 72' lang='lat' dir='ltr'>iouis</span> <span class='ocrx_word' id='word_1_248' title='bbox 384 3394 452 3438; x_wconf 82' lang='lat' dir='ltr'>reete</span> <span class='ocrx_word' id='word_1_249' title='bbox 483 3388 545 3437; x_wconf 86' lang='lat' dir='ltr'>item</span> <span class='ocrx_word' id='word_1_250' title='bbox 578 3389 705 3438; x_wconf 83' lang='lat' dir='ltr'>referatur</span> <span class='ocrx_word' id='word_1_251' title='bbox 733 3386 765 3436; x_wconf 84' lang='lat' dir='ltr'>ud</span> <span class='ocrx_word' id='word_1_252' title='bbox 820 3403 847 3436; x_wconf 81' lang='lat' dir='ltr'>ro</span> <span class='ocrx_word' id='word_1_253' title='bbox 866 3413 898 3422; x_wconf 96' lang='lat'><em>-</em></span> <span class='ocrx_word' id='word_1_254' title='bbox 916 3383 1007 3438; x_wconf 81' lang='grc' dir='ltr'><em>ούτωε.</em></span> <span class='ocrx_word' id='word_1_255' title='bbox 1042 3387 1102 3437; x_wconf 86' lang='lat' dir='ltr'>Non</span> <span class='ocrx_word' id='word_1_256' title='bbox 1125 3399 1190 3448; x_wconf 86' lang='lat' dir='ltr'>opus</span> <span class='ocrx_word' id='word_1_257' title='bbox 1212 3385 1302 3449; x_wconf 82' lang='lat' dir='ltr'>igitur,</span> 
     </span>
     <span class='ocr_line' id='line_1_31' title="bbox 281 3452 1300 3523; baseline -0.005 -16"><span class='ocrx_word' id='word_1_258' title='bbox 281 3457 408 3523; x_wconf 75' lang='lat' dir='ltr'>protasia,</span> <span class='ocrx_word' id='word_1_259' title='bbox 427 3457 575 3521; x_wconf 87' lang='lat' dir='ltr'>praesertim</span> <span class='ocrx_word' id='word_1_260' title='bbox 592 3472 673 3520; x_wconf 89' lang='lat' dir='ltr'>quum</span> <span class='ocrx_word' id='word_1_261' title='bbox 690 3455 769 3507; x_wconf 82' lang='lat' dir='ltr'>eiuuti</span> <span class='ocrx_word' id='word_1_262' title='bbox 820 3461 849 3505; x_wconf 87' lang='lat' dir='ltr'>ut</span> <span class='ocrx_word' id='word_1_263' title='bbox 866 3469 926 3503; x_wconf 90' lang='lat' dir='ltr'>oum</span> <span class='ocrx_word' id='word_1_264' title='bbox 948 3454 1119 3520; x_wconf 89' lang='lat' dir='ltr'>Stephano</span> <span class='ocrx_word' id='word_1_265' title='bbox 1144 3452 1300 3502; x_wconf 80' lang='lat' dir='ltr'>scribamus:</span> 
     </span>
     <span class='ocr_line' id='line_1_32' title="bbox 282 3519 1119 3584; baseline -0.006 -9"><span class='ocrx_word' id='word_1_266' title='bbox 282 3526 407 3575; x_wconf 88' lang='lat' dir='ltr'>Latinum</span> <span class='ocrx_word' id='word_1_267' title='bbox 443 3524 590 3574; x_wconf 82' lang='lat' dir='ltr'>fortusse</span> <span class='ocrx_word' id='word_1_268' title='bbox 620 3539 679 3573; x_wconf 88' lang='lat' dir='ltr'>oum</span> <span class='ocrx_word' id='word_1_269' title='bbox 712 3523 768 3573; x_wconf 89' lang='lat' dir='ltr'>leni</span> <span class='ocrx_word' id='word_1_270' title='bbox 820 3521 846 3571; x_wconf 82' lang='lat' dir='ltr'>el</span> <span class='ocrx_word' id='word_1_271' title='bbox 863 3519 951 3584; x_wconf 78' lang='grc' dir='ltr'><em>βούλει</em></span> <span class='ocrx_word' id='word_1_272' title='bbox 970 3519 1012 3580; x_wconf 84' lang='grc' dir='ltr'>ού,</span> <span class='ocrx_word' id='word_1_273' title='bbox 1029 3519 1119 3573; x_wconf 71' lang='grc' dir='ltr'><em>οὕτως.</em></span> 
     </span>
     <span class='ocr_line' id='line_1_33' title="bbox 282 3584 1301 3658; baseline -0.005 -16"><span class='ocrx_word' id='word_1_274' title='bbox 282 3592 396 3658; x_wconf 88' lang='lat' dir='ltr'>quadam</span> <span class='ocrx_word' id='word_1_275' title='bbox 414 3592 533 3641; x_wconf 86' lang='lat' dir='ltr'>irrisione</span> <span class='ocrx_word' id='word_1_276' title='bbox 558 3597 584 3640; x_wconf 88' lang='lat' dir='ltr'>et</span> <span class='ocrx_word' id='word_1_277' title='bbox 601 3591 767 3641; x_wconf 79' lang='lat' dir='ltr'>cavillatione</span> <span class='ocrx_word' id='word_1_278' title='bbox 853 3589 884 3638; x_wconf 84' lang='grc' dir='ltr'>Ε.</span> <span class='ocrx_word' id='word_1_279' title='bbox 910 3584 942 3637; x_wconf 89' lang='lat' dir='ltr'>&#39;H</span> <span class='ocrx_word' id='word_1_280' title='bbox 956 3588 990 3639; x_wconf 82' lang='grc' dir='ltr'>δέ</span> <span class='ocrx_word' id='word_1_281' title='bbox 1007 3607 1041 3656; x_wconf 79' lang='grc' dir='ltr'>γε</span> <span class='ocrx_word' id='word_1_282' title='bbox 1059 3587 1168 3652; x_wconf 76' lang='grc' dir='ltr'><em>ἑτέρα]</em></span> <span class='ocrx_word' id='word_1_283' title='bbox 1204 3587 1301 3638; x_wconf 85' lang='grc' dir='ltr'><em>Ηείιι·</em></span> 
     </span>
     <span class='ocr_line' id='line_1_34' title="bbox 281 3655 1303 3722; baseline -0.005 -12"><span class='ocrx_word' id='word_1_284' title='bbox 281 3660 400 3710; x_wconf 78' lang='lat' dir='ltr'>dicatur?</span> <span class='ocrx_word' id='word_1_285' title='bbox 819 3655 948 3706; x_wconf 82' lang='lat' dir='ltr'>dorfins</span> <span class='ocrx_word' id='word_1_286' title='bbox 982 3656 1180 3722; x_wconf 79' lang='lat' dir='ltr'>intelligendum</span> <span class='ocrx_word' id='word_1_287' title='bbox 1213 3662 1303 3705; x_wconf 87' lang='lat' dir='ltr'>oenset</span> 
     </span>
     <span class='ocr_line' id='line_1_35' title="bbox 318 3717 1301 3792; baseline -0.005 -15"><span class='ocrx_word' id='word_1_288' title='bbox 318 3717 767 3792; x_wconf 72' lang='grc' dir='ltr'><em>1).άναμνήοθηιιδόύν-]</em></span> <span class='ocrx_word' id='word_1_289' title='bbox 820 3721 904 3776; x_wconf 78' lang='grc' dir='ltr'><em>οὕτως</em></span> <span class='ocrx_word' id='word_1_290' title='bbox 934 3723 1013 3775; x_wconf 75' lang='grc' dir='ltr'><em>ἐστίν.</em></span> <span class='ocrx_word' id='word_1_291' title='bbox 1066 3724 1158 3775; x_wconf 89' lang='lat' dir='ltr'>Malim</span> <span class='ocrx_word' id='word_1_292' title='bbox 1187 3723 1301 3788; x_wconf 85' lang='lat' dir='ltr'>suppleri</span> 
     </span>
     <span class='ocr_line' id='line_1_36' title="bbox 282 3786 1301 3859; baseline -0.005 -13"><span class='ocrx_word' id='word_1_293' title='bbox 282 3799 418 3859; x_wconf 83' lang='lat' dir='ltr'>Frequens</span> <span class='ocrx_word' id='word_1_294' title='bbox 440 3800 479 3844; x_wconf 84' lang='lat' dir='ltr'>eat</span> <span class='ocrx_word' id='word_1_295' title='bbox 503 3790 524 3843; x_wconf 81' lang='grc' dir='ltr'>δ’</span> <span class='ocrx_word' id='word_1_296' title='bbox 550 3786 589 3844; x_wconf 89' lang='grc' dir='ltr'><em>ού</em></span> <span class='ocrx_word' id='word_1_297' title='bbox 596 3812 611 3842; x_wconf 92' lang='grc' dir='ltr'><em>ν</em></span> <span class='ocrx_word' id='word_1_298' title='bbox 628 3795 656 3843; x_wconf 92' lang='lat' dir='ltr'>in</span> <span class='ocrx_word' id='word_1_299' title='bbox 674 3809 768 3858; x_wconf 87' lang='lat' dir='ltr'>epana-</span> <span class='ocrx_word' id='word_1_300' title='bbox 820 3788 916 3852; x_wconf 84' lang='grc' dir='ltr'><em>ὁμιλεῖ,</em></span> <span class='ocrx_word' id='word_1_301' title='bbox 944 3809 1005 3843; x_wconf 89' lang='lat' dir='ltr'>nam</span> <span class='ocrx_word' id='word_1_302' title='bbox 1028 3798 1184 3843; x_wconf 76' lang='lat' dir='ltr'>structuram</span> <span class='ocrx_word' id='word_1_303' title='bbox 1211 3792 1301 3841; x_wconf 86' lang='lat' dir='ltr'>verbo·</span> 
     </span>
     <span class='ocr_line' id='line_1_37' title="bbox 283 3858 1301 3928; baseline -0.005 -15"><span class='ocrx_word' id='word_1_304' title='bbox 283 3864 367 3928; x_wconf 85' lang='lat' dir='ltr'>lepei:</span> <span class='ocrx_word' id='word_1_305' title='bbox 384 3860 453 3911; x_wconf 88' lang='lat' dir='ltr'>unde</span> <span class='ocrx_word' id='word_1_306' title='bbox 471 3868 585 3926; x_wconf 84' lang='lat' dir='ltr'>apparet,</span> <span class='ocrx_word' id='word_1_307' title='bbox 604 3878 680 3926; x_wconf 85' lang='lat' dir='ltr'>quam</span> <span class='ocrx_word' id='word_1_308' title='bbox 698 3867 768 3912; x_wconf 82' lang='lat' dir='ltr'>reete</span> <span class='ocrx_word' id='word_1_309' title='bbox 820 3875 878 3909; x_wconf 87' lang='lat' dir='ltr'>rum</span> <span class='ocrx_word' id='word_1_310' title='bbox 895 3859 957 3911; x_wconf 83' lang='grc' dir='ltr'><em>κατὰ</em></span> <span class='ocrx_word' id='word_1_311' title='bbox 972 3858 1000 3911; x_wconf 86' lang='grc' dir='ltr'>τὸ</span> <span class='ocrx_word' id='word_1_312' title='bbox 1014 3858 1161 3921; x_wconf 86' lang='grc' dir='ltr'><em>νοούμενον</em></span> <span class='ocrx_word' id='word_1_313' title='bbox 1171 3875 1228 3910; x_wconf 84' lang='lat' dir='ltr'>esse</span> <span class='ocrx_word' id='word_1_314' title='bbox 1240 3875 1301 3909; x_wconf 87' lang='lat' dir='ltr'>oon·</span> 
     </span>
     <span class='ocr_line' id='line_1_38' title="bbox 283 3928 1301 3995; baseline -0.004 -13"><span class='ocrx_word' id='word_1_315' title='bbox 283 3933 335 3982; x_wconf 89' lang='lat' dir='ltr'>hoo</span> <span class='ocrx_word' id='word_1_316' title='bbox 352 3932 411 3981; x_wconf 88' lang='lat' dir='ltr'>looo</span> <span class='ocrx_word' id='word_1_317' title='bbox 429 3929 542 3991; x_wconf 82' lang='lat' dir='ltr'>dicatur,</span> <span class='ocrx_word' id='word_1_318' title='bbox 565 3929 611 3979; x_wconf 90' lang='lat' dir='ltr'>nbi</span> <span class='ocrx_word' id='word_1_319' title='bbox 628 3930 768 3994; x_wconf 86' lang='lat' dir='ltr'>disputatio</span> <span class='ocrx_word' id='word_1_320' title='bbox 819 3929 954 3978; x_wconf 82' lang='lat' dir='ltr'>formatem</span> <span class='ocrx_word' id='word_1_321' title='bbox 984 3934 1097 3995; x_wconf 86' lang='lat' dir='ltr'>apparet.</span> <span class='ocrx_word' id='word_1_322' title='bbox 1140 3928 1301 3978; x_wconf 83' lang='lat' dir='ltr'>Sententiam</span> 
     </span>
     <span class='ocr_line' id='line_1_39' title="bbox 283 3995 1300 4062; baseline -0.002 -12"><span class='ocrx_word' id='word_1_323' title='bbox 283 4000 317 4050; x_wconf 88' lang='lat' dir='ltr'>ad</span> <span class='ocrx_word' id='word_1_324' title='bbox 335 3998 468 4062; x_wconf 87' lang='lat' dir='ltr'>superiora</span> <span class='ocrx_word' id='word_1_325' title='bbox 487 3997 631 4047; x_wconf 83' lang='lat' dir='ltr'>revertitur.</span> <span class='ocrx_word' id='word_1_326' title='bbox 666 3997 768 4047; x_wconf 86' lang='lat' dir='ltr'>Deinde</span> <span class='ocrx_word' id='word_1_327' title='bbox 820 3996 873 4045; x_wconf 87' lang='lat' dir='ltr'>looi</span> <span class='ocrx_word' id='word_1_328' title='bbox 895 3997 1006 4047; x_wconf 85' lang='lat' dir='ltr'>reddidit</span> <span class='ocrx_word' id='word_1_329' title='bbox 1028 3996 1199 4046; x_wconf 82' lang='lat' dir='ltr'>Aristides</span> <span class='ocrx_word' id='word_1_330' title='bbox 1217 3995 1300 4048; x_wconf 87' lang='lat' dir='ltr'>Oratt.</span> 
     </span>
     <span class='ocr_line' id='line_1_40' title="bbox 285 4062 1301 4130; baseline -0.003 -13"><span class='ocrx_word' id='word_1_331' title='bbox 285 4067 475 4130; x_wconf 70' lang='lat' dir='ltr'>Stephanus</span> <span class='ocrx_word' id='word_1_332' title='bbox 501 4065 592 4115; x_wconf 86' lang='lat' dir='ltr'>invitis</span> <span class='ocrx_word' id='word_1_333' title='bbox 620 4064 693 4115; x_wconf 84' lang='lat' dir='ltr'>eodd.</span> <span class='ocrx_word' id='word_1_334' title='bbox 717 4065 770 4115; x_wconf 89' lang='lat' dir='ltr'>edi·</span> <span class='ocrx_word' id='word_1_335' title='bbox 820 4064 886 4113; x_wconf 85' lang='lat' dir='ltr'>Plat.</span> <span class='ocrx_word' id='word_1_336' title='bbox 905 4062 1069 4129; x_wconf 83' lang='lat' dir='ltr'>11.p.116.,</span> <span class='ocrx_word' id='word_1_337' title='bbox 1094 4063 1163 4113; x_wconf 90' lang='lat' dir='ltr'>unde</span> <span class='ocrx_word' id='word_1_338' title='bbox 1181 4063 1226 4127; x_wconf 92' lang='lat' dir='ltr'>qui</span> <span class='ocrx_word' id='word_1_339' title='bbox 1243 4063 1301 4114; x_wconf 86' lang='lat' dir='ltr'>Pla-</span> 
     </span>
     <span class='ocr_line' id='line_1_41' title="bbox 284 4130 1303 4197; baseline -0.002 -13"><span class='ocrx_word' id='word_1_340' title='bbox 284 4135 323 4184; x_wconf 89' lang='lat' dir='ltr'>dit</span> <span class='ocrx_word' id='word_1_341' title='bbox 345 4132 389 4183; x_wconf 78' lang='lat' dir='ltr'>dni</span> <span class='ocrx_word' id='word_1_342' title='bbox 420 4132 446 4182; x_wconf 85' lang='grc' dir='ltr'>τὸ</span> <span class='ocrx_word' id='word_1_343' title='bbox 471 4130 582 4183; x_wconf 76' lang='grc' dir='ltr'><em>ἑκάστου</em></span> <span class='ocrx_word' id='word_1_344' title='bbox 606 4131 769 4194; x_wconf 74' lang='grc' dir='ltr'><em>θεραπεύειν</em></span> <span class='ocrx_word' id='word_1_345' title='bbox 821 4133 889 4181; x_wconf 85' lang='lat' dir='ltr'>tonis</span> <span class='ocrx_word' id='word_1_346' title='bbox 905 4131 986 4182; x_wconf 84' lang='lat' dir='ltr'>verba</span> <span class='ocrx_word' id='word_1_347' title='bbox 1008 4132 1088 4182; x_wconf 80' lang='lat' dir='ltr'>vellet</span> <span class='ocrx_word' id='word_1_348' title='bbox 1104 4131 1243 4197; x_wconf 82' lang='lat' dir='ltr'>corrigere,</span> <span class='ocrx_word' id='word_1_349' title='bbox 1266 4137 1303 4182; x_wconf 86' lang='lat' dir='ltr'>te-</span> 
     </span>
     <span class='ocr_line' id='line_1_42' title="bbox 285 4200 1035 4263; baseline -0.004 -11"><span class='ocrx_word' id='word_1_350' title='bbox 285 4221 307 4252; x_wconf 86' lang='grc' dir='ltr'><em>κ,</em></span> <span class='ocrx_word' id='word_1_351' title='bbox 324 4220 343 4250; x_wconf 83' lang='grc' dir='ltr'>τ.</span> <span class='ocrx_word' id='word_1_352' title='bbox 355 4203 375 4250; x_wconf 81' lang='grc' dir='ltr'>λ.</span> <span class='ocrx_word' id='word_1_353' title='bbox 395 4201 453 4263; x_wconf 84' lang='lat' dir='ltr'>Qua</span> <span class='ocrx_word' id='word_1_354' title='bbox 469 4202 613 4251; x_wconf 76' lang='lat' dir='ltr'>mutatione</span> <span class='ocrx_word' id='word_1_355' title='bbox 630 4207 698 4250; x_wconf 82' lang='lat' dir='ltr'>certe</span> <span class='ocrx_word' id='word_1_356' title='bbox 715 4217 768 4251; x_wconf 89' lang='lat' dir='ltr'>non</span> <span class='ocrx_word' id='word_1_357' title='bbox 820 4200 945 4249; x_wconf 88' lang='lat' dir='ltr'>merarius</span> <span class='ocrx_word' id='word_1_358' title='bbox 962 4201 1035 4249; x_wconf 85' lang='lat' dir='ltr'>foret</span> 
     </span>
     <span class='ocr_line' id='line_1_43' title="bbox 285 4258 1303 4335; baseline -0.004 -14"><span class='ocrx_word' id='word_1_359' title='bbox 285 4285 352 4335; x_wconf 87' lang='lat' dir='ltr'>opus</span> <span class='ocrx_word' id='word_1_360' title='bbox 376 4274 447 4330; x_wconf 86' lang='lat' dir='ltr'>eret,</span> <span class='ocrx_word' id='word_1_361' title='bbox 472 4268 600 4334; x_wconf 87' lang='lat' dir='ltr'>siqnidem</span> <span class='ocrx_word' id='word_1_362' title='bbox 622 4267 702 4319; x_wconf 85' lang='lat' dir='ltr'>verbe</span> <span class='ocrx_word' id='word_1_363' title='bbox 725 4269 768 4319; x_wconf 87' lang='grc' dir='ltr'><em>καλ</em></span> <span class='ocrx_word' id='word_1_364' title='bbox 852 4259 911 4332; x_wconf 78' lang='grc' dir='ltr'>Ἆρ’</span> <span class='ocrx_word' id='word_1_365' title='bbox 931 4258 971 4317; x_wconf 89' lang='grc' dir='ltr'><em>ού</em></span> <span class='ocrx_word' id='word_1_366' title='bbox 980 4285 995 4315; x_wconf 94' lang='grc' dir='ltr'><em>ν</em></span> <span class='ocrx_word' id='word_1_367' title='bbox 1011 4265 1115 4319; x_wconf 72' lang='grc' dir='ltr'><em>οὕτως</em></span> <span class='ocrx_word' id='word_1_368' title='bbox 1132 4265 1180 4332; x_wconf 87' lang='grc'>-]</span> <span class='ocrx_word' id='word_1_369' title='bbox 1203 4266 1303 4317; x_wconf 79' lang='lat' dir='ltr'>Iniuria</span> 
     </span>
     <span class='ocr_line' id='line_1_44' title="bbox 287 4331 1303 4403; baseline -0.003 -15"><span class='ocrx_word' id='word_1_370' title='bbox 287 4342 361 4397; x_wconf 77' lang='grc' dir='ltr'><em>σῶμα</em></span> <span class='ocrx_word' id='word_1_371' title='bbox 395 4336 439 4387; x_wconf 84' lang='grc' dir='ltr'><em>καλ</em></span> <span class='ocrx_word' id='word_1_372' title='bbox 472 4332 559 4403; x_wconf 75' lang='grc' dir='ltr'><em>ψυχήν</em></span> <span class='ocrx_word' id='word_1_373' title='bbox 588 4335 769 4388; x_wconf 73' lang='lat' dir='ltr'>illustrationis</span> <span class='ocrx_word' id='word_1_374' title='bbox 821 4335 1011 4401; x_wconf 80' lang='lat' dir='ltr'>Stephanus</span> <span class='ocrx_word' id='word_1_375' title='bbox 1033 4335 1145 4386; x_wconf 83' lang='lat' dir='ltr'>correxit</span> <span class='ocrx_word' id='word_1_376' title='bbox 1162 4331 1209 4402; x_wconf 78' lang='grc' dir='ltr'><em>τὴν</em></span> <span class='ocrx_word' id='word_1_377' title='bbox 1227 4331 1303 4385; x_wconf 83' lang='grc' dir='ltr'><em>πόλιν</em></span> 
     </span>
     <span class='ocr_line' id='line_1_45' title="bbox 285 4402 1303 4472; baseline -0.002 -14"><span class='ocrx_word' id='word_1_378' title='bbox 285 4422 347 4472; x_wconf 72' lang='lat' dir='ltr'>ergo</span> <span class='ocrx_word' id='word_1_379' title='bbox 370 4403 461 4457; x_wconf 80' lang='lat' dir='ltr'>addita</span> <span class='ocrx_word' id='word_1_380' title='bbox 486 4410 548 4457; x_wconf 82' lang='lat' dir='ltr'>sunt</span> <span class='ocrx_word' id='word_1_381' title='bbox 569 4419 624 4456; x_wconf 82' lang='lat' dir='ltr'>roo.</span> <span class='ocrx_word' id='word_1_382' title='bbox 651 4404 770 4456; x_wconf 79' lang='grc' dir='ltr'><em>ἕκαστον.</em></span> <span class='ocrx_word' id='word_1_383' title='bbox 821 4404 863 4454; x_wconf 81' lang='grc' dir='ltr'><em>καλ</em></span> <span class='ocrx_word' id='word_1_384' title='bbox 882 4402 944 4459; x_wconf 70' lang='grc' dir='ltr'><em>τούς</em></span> <span class='ocrx_word' id='word_1_385' title='bbox 962 4404 1078 4462; x_wconf 76' lang='grc' dir='ltr'><em>πολίτας,</em></span> <span class='ocrx_word' id='word_1_386' title='bbox 1096 4403 1143 4470; x_wconf 90' lang='lat' dir='ltr'>qui</span> <span class='ocrx_word' id='word_1_387' title='bbox 1159 4404 1303 4456; x_wconf 81' lang='lat' dir='ltr'>aoeusativi</span> 
     </span>
    </p>
   </div>
   <div class='ocr_carea' id='block_1_8' title="bbox 0 0 1635 5259">
    <p class='ocr_par' dir='ltr' id='par_1_8' title="bbox 0 0 1635 5259">
     <span class='ocr_line' id='line_1_46' title="bbox 0 0 1635 5259; baseline 0 0"><span class='ocrx_word' id='word_1_388' title='bbox 0 0 1635 5259; x_wconf 95' lang='lat' dir='ltr'> </span> 
     </span>
    </p>
   </div>
  </div>
 </body>
</html>
