3242 5259
380 599 421 656 94
788 595 987 655 PLATONIS

381 757 435 821 καὶ
456 758 483 820 ελ
504 751 700 838 έπανέροιτο,
718 748 763 819 Ἦ
778 756 850 836 περὶ
863 757 910 831 τίς
933 757 1047 838 εἴποιμ’
1069 756 1110 820 ἀν
1123 751 1226 837 ὥςπερ
1248 758 1280 822 οἱ
1300 755 1336 822 ἐν
1355 766 1402 837 τῷ

331 855 472 942 Οδήμῳ
493 855 766 937 συγγραφόμενοι,
787 847 838 917 ὅτι
857 855 897 918 τὰ
924 853 983 937 μὲν
1011 859 1092 919 ἀλλα
1111 856 1301 938 καθάιτερὴ
1332 853 1402 934 ἀρι

381 950 522 1036 θμητιιιὴ
542 951 743 1034 ψλογιστικὴ
764 948 842 1034 ἔχει·
868 951 940 1034 περὶ
961 953 997 1016 τὸ
1019 953 1099 1016 αὐτὸ
1119 955 1182 1035 γάρ
1204 952 1287 1032 ἐστι,
1309 954 1346 1018 τό
1368 976 1403 1018 τε

381 1055 495 1133 ἀρτιον
514 1049 624 1114 καὶτὸ
645 1051 808 1132 περιττόν·
840 1047 984 1133 διαφέρει
1011 1050 1045 1113 δὲ
1072 1061 1245 1131 τοσοῦτον,
1277 1047 1327 1115 ὅτι
1346 1051 1402 1116 aaz

381 1152 462 1231 πρὸς
482 1147 565 1212 αὐτὰ
594 1147 749 1229 καὶπρὸς
776 1152 897 1231 ἀλληλα
918 1153 986 1224 πῶς
1014 1145 1074 1231 ἔχει
1095 1151 1245 1232 πλήθους
1274 1147 1401 1215 ἐτιισιω·

382 1252 436 1312 πεῖ
453 1247 490 1311 τὸ
511 1247 660 1327 περιττὸν
688 1245 742 1310 καὶ
768 1243 805 1308 τὸ
832 1249 946 1328 ἀρτιον
972 1246 1187 1329 ἦλογιστιιιή.
1214 1246 1271 1313 ιιαλ
1298 1247 1329 1314 ελ
1355 1272 1404 1324 τις

382 1344 442 1428 τὴν
463 1343 680 1425 ἀστρονομίαν
700 1342 864 1424 ἀνέροιτο,
887 1342 966 1424 ἐμοῦ
986 1340 1153 1426 λέγοντος,
1175 1338 1224 1408 ὅτι
1244 1344 1298 1408 καὶ
1319 1344 1402 1428 αὕτη

381 1443 468 1526 λόγῳ
488 1450 644 1523 κυροῦται
672 1442 710 1505 τὰ
739 1442 861 1520 τιάντα,
894 1441 936 1504 Οἱ
954 1440 988 1506 δὲ
1008 1443 1099 1523 λόγοι
1119 1442 1152 1505 ολ
1169 1451 1226 1525 τῆς
1247 1442 1401 1523 ἀστρονο-

434 1589 560 1656 Ἠτερλ
586 1595 628 1652 τί,·
651 1590 772 1653 εἴποιμ’
797 1588 891 1659 ἂν]
876 1612 892 1658 η
915 1592 1162 1643 accessiteOlark.
1184 1592 1298 1643 ΜΔ.
1323 1592 1404 1644 Coisl.

383 1661 461 1713 Vind.
479 1659 503 1711 1.
520 1659 544 1711 2.
562 1659 586 1710 6.
605 1658 627 1711 λ.
651 1663 711 1714 Psr.
736 1660 919 1711 BCEFVW
941 1660 1015 1711 Bodl.
1037 1661 1106 1726 Aug.
1122 1663 1229 1712 Mearm.
1246 1661 1317 1712 Flcr.
1336 1660 1403 1712 ab.

383 1745 407 1782 0
400 1729 694 1860 ἀλλωιιέιθχάιιερΙ
679 1792 695 1862 ἡ
717 1791 964 1861 ἀριθμητικὴ*
949 1816 964 1862 η
987 1791 1172 1863 λογιστική]
1201 1791 1311 1846 Ante‘
1296 1815 1312 1862 η
1335 1798 1401 1864 λογι-

386 1862 456 1946 στιηὴ
481 1865 561 1931 vulgo
587 1864 629 1914 καὶ
656 1865 831 1948 inserebatpir,
857 1863 934 1946 quod
952 1863 1025 1914 codd.
1051 1865 1105 1914 fers
1128 1880 1218 1915 omncs
1244 1880 1304 1914 cum
1330 1865 1399 1915 Aldc

384 1935 512 1984 omittunt.
546 1933 615 1982 Dein
639 1929 705 1997 πρὸς
728 1929 793 1982 αὐτὰ
814 1948 861 1999 pro
885 1927 952 1998 πρὸς
970 1928 1036 1982 αὐτὰ
1059 1932 1092 1982 de
1108 1932 1255 1983 Heindorfii
1272 1933 1403 1985 sententis

384 2002 543 2067 scripsimus.

919 2136 1077 2186 scholiastae
1099 2133 1219 2185 Corsos
1241 2133 1403 2201 Addenfflp.

420 2201 558 2286 ὥςπιρο
565 2200 867 2270 ίὲντῳδήμφσυγ-
919 2200 978 2255 361.
993 2204 1240 2253 itacommsntatur:
1257 2204 1403 2264 „Atatem

384 2268 611 2357 γραφομινοι]
629 2270 819 2322 Scholiasta
836 2272 869 2322 ad
919 2272 1018 2336 inquit,
1062 2267 1143 2322 οὐδὲν
1178 2263 1252 2356 ἦττον
1287 2267 1401 2356 ἆγνοψν,

384 2340 410 2389 h.
428 2339 459 2389 l.:
485 2335 531 2390 Ἐν
548 2345 602 2392 ταις
614 2337 759 2403 έκκλησιαις
777 2339 821 2389 ἐπὶ
840 2345 869 2405 τῇ
921 2341 989 2391 τίνες
1021 2337 1127 2402 εἰσὶν,
1130 2337 1218 2396 ,ὀλ
1205 2357 1236 2389 ιν
1267 2344 1303 2406 τῷ
1330 2336 1402 2406 δήμῳ

385 2412 437 2457 τῶν
462 2406 635 2472 ψηφισμάτων
658 2404 673 2474 ἢ
692 2405 781 2493 γόμωι
798 2407 868 2489 είςη·

385 2473 458 2542 η’γσει
475 2472 489 2524 5
509 2474 593 2542 αήρυξ
606 2473 649 2524 έτλ
668 2475 715 2536 μέν
732 2480 778 2527 τοῦ
796 2473 868 2540 προέ-

385 2561 430 2593 του
454 2550 620 2609 ψηφίσματος
645 2539 661 2609 ἢ
685 2541 767 2605 νόμον
792 2542 821 2593 τό
843 2561 869 2593 τε

386 2608 467 2673 ὄνομα
492 2617 537 2662 τοῦ
560 2609 743 2676 ψηφιζομέτον
769 2613 811 2661 καλ
836 2630 868 2661 τι·

386 2676 517 2732 θέντος
492 2697 539 2728 του
552 2679 634 2738 νόμον
645 2680 687 2728 καὶ
707 2678 740 2761 δη
756 2685 803 2730 τοῦ
821 2697 869 2728 πα-

386 2743 447 2811 τρὸς
469 2743 550 2796 αὐτοῦ
572 2747 614 2796 καὶ
639 2751 685 2797 τοτ’
708 2745 792 2826 δήμου
816 2748 869 2796 λλο-

386 2831 441 2881 γεν,
460 2809 533 2872 οἷον,
558 2813 869 2879 ΔημοσθένηςΔη-

362 2881 589 2942 μοσθένους,
607 2880 799 2941 Παιανιεύς,
815 2891 869 2947 ψη-

387 2952 524 3013 φίζιται
547 2946 632 2999 τάδε,
667 2948 712 2999 El
731 2949 760 3000 δέ
783 2951 870 3010 ἔμελλε

387 3014 497 3067 πάλιν’
482 3034 496 3066 ο
515 3014 594 3069 αὐτὸς
611 3019 791 3100 ψηφίζεσθαι,
817 3019 870 3067 έλα-

387 3102 434 3151 γιν
451 3080 466 3134 5
485 3083 582 3168 κήρνξ,
607 3086 651 3134 ίια
673 3080 707 3150 μὴ
724 3087 870 3148 περιττολο-

386 3158 433 3219 γῇ
467 3149 504 3203 Τά
531 3153 580 3213 μέν
605 3149 667 3202 ἄλλα
692 3150 755 3202 κατὰ
783 3150 870 3211 ταύτά,

388 3222 529 3308 ψηφίζεται
552 3217 586 3287 δη
607 3219 648 3270 καὶ
674 3219 741 3271 τάδε.
781 3219 870 3304 Οὕτως

387 3307 438 3339 ουν
464 3289 506 3339 καλ
533 3286 575 3338 έιτλ
603 3288 695 3339 τοῦδε·
742 3285 784 3340 Τὰ
810 3288 871 3350 μέν

388 3353 464 3407 ἀλλα
494 3354 648 3441 καθηὶιτιρ
679 3375 694 3422 η
727 3352 869 3442 ἀριθμη-

388 3422 459 3492 τικὴ
484 3426 535 3475 καλ
563 3421 579 3491 ἡ
602 3423 804 3506 λογιστικὴ’
795 3427 869 3507 ἕχει.

388 3493 657 3576 Olympiodorus:
685 3489 762 3542 πάλαι
784 3484 871 3543 ςλτῖ-

386 3560 413 3679 λλ
432 3556 871 3714 ἒλ.λ’ἰφλ’ληλξ“λλλῆἀλλ

386 3692 470 3759 ὄνομα
492 3694 573 3747 αὐτοῦ
595 3696 639 3748 καλ
663 3692 709 3746 τὸν
726 3694 810 3762 δῆμον
828 3697 870 3745 καλ

388 3763 434 3814 τὸν
457 3762 568 3829 πατέρα,
595 3759 669 3822 οιον,
694 3763 870 3830 Λημοσθέ·

389 3849 462 3915 νης
474 3831 738 3898 Λημοσθένους,
773 3831 870 3882 Παια-

389 3897 487 3954 νιιάς.
515 3901 556 3952 El
568 3903 661 3950 τοίνυν
676 3903 783 3950 πλείονα
787 3893 872 3964 εἶχεν

388 3963 539 4035 ἀναγνῶναι
556 3972 723 4053 ψηφιᾞσματα
747 3966 778 4018 ἐν
795 3973 831 4034 τῷ
842 3965 872 4017 -a'

388 4040 534 4102 ψηφίσματι
568 4033 583 4087 ὁ
618 4036 701 4102 κήρυξ
737 4036 807 4102 ἔλεγε
844 4032 871 4086 τὸ

387 4100 471 4166 ὄνομα
502 4109 548 4155 τοῦ
578 4104 729 4170 γράψαντος
755 4104 797 4153 καλ
827 4109 872 4154 τοῦ

390 4169 486 4236 πατρὸς
511 4169 604 4222 τούτου
631 4172 673 4222 καλ
701 4177 748 4222 τοῦ
774 4168 870 4238 δήμου

389 4239 420 4290 ἐν
444 4241 475 4292 δέ
497 4246 550 4293 τοῖς
574 4241 672 4293 λοιποῖς
695 4243 871 4323 ψηφίσμασιν

921 2377 1402 2558 ἵ.λέλλλ1ιλλλέῗέλιλλλ.λλλ

921 2541 1033 2592 τουτέστι
1058 2540 1119 2594 τοὺς
1145 2539 1216 2606 παρὰ
1243 2547 1290 2592 τοῦ
1318 2540 1402 2610 δημου

921 2611 1002 2695 ἔργον
1020 2606 1089 2663 τινὸς
1107 2607 1249 2675 δημοσίου,
1277 2606 1339 2662 οἶον
1356 2627 1403 2661 ται-

920 2684 981 2742 χῶν,
1000 2677 1118 2738 λιμένων,
1136 2681 1266 2743 νεωρίων
1279 2676 1402 2760 τριήρων,

921 2742 1088 2829 κατασκενὴι
1098 2745 1198 2805 μισθοῦ
1214 2745 1403 2811 λαμβάνοντας

921 2812 1029 2866 τούτους
1050 2810 1109 2896 γὰρ
1142 2810 1214 2867 ιιίκὸς
1246 2813 1405 2882 συγγραφὴν

922 2879 989 2945 πρὸς
1014 2877 1074 2934 τούς
1097 2879 1239 2967 ἐργοδότας
1262 2884 1404 2943 ποιεῖσθαι,

921 2947 1069 3015 ὁρίζουσαι
1080 2947 1161 3000 πάνθ’
1180 2946 1196 2998 5
1214 2956 1354 3034 ητρυςεῐναι
1370 2954 1404 3017 τῷ

922 3019 991 3084 ἔργῳ
1005 3017 1065 3076 ἔδει,
1084 3010 1162 3068 καλ’
1140 3036 1180 3068 ων
1191 3035 1225 3085 μη
1243 3015 1403 3082 προιόντων,

922 3085 986 3170 ἐξῆν
1003 3093 1056 3138 τοῖς
1070 3084 1225 3169 ἐργοδόταις
1242 3081 1407 3136 ἀπείπασθαι

922 3151 969 3202 τὸν
995 3151 1102 3214 μισθόν.
1142 3149 1210 3238 Οῖμν
1236 3151 1338 3220 ἐγίνετο
1363 3156 1405 3204 καλ

923 3219 966 3271 ἐπὶ
984 3226 1036 3271 τῶν
1054 3220 1095 3272 λδ
1084 3225 1140 3282 ων
1162 3217 1198 3274 ἀς
1216 3222 1271 3272 ἔστι
1289 3224 1406 3290 συλλογί-

923 3291 1021 3339 σασθαι
1039 3281 1104 3352 ἐξ
1082 3307 1121 3339 ων
1132 3260 1316 3373 ’Λημοσθένης
1335 3289 1406 3354 (περὶ

924 3373 996 3420 στεφ.
1023 3359 1073 3406 σελ.
1091 3355 1159 3420 268.)
1185 3359 1283 3444 φησίν·
1302 3353 1408 3409 Ἔπειτα

924 3423 970 3484 ου’,
1003 3429 1107 3474 τοιαῦτα
1134 3430 1234 3487 ποιων,
1265 3425 1378 3510 λέγεις,
1390 3422 1407 3476 5

923 3492 966 3543 δεῖ
980 3499 1117 3556 προςεῐναι
1134 3511 1169 3560 τῳ
1188 3492 1330 3560 δημοτικφ,
1356 3491 1404 3547 ὥς·

922 3578 971 3624 περ
998 3557 1142 3624 ἀνδριάντα
1151 3544 1320 3616 ἐκδεδωκώς
1342 3560 1405 3613 κατὰ

924 3626 1133 3712 συγγραφήν,
1158 3623 1218 3688 εἶτ’,
1242 3625 1292 3680 οὐκ
1316 3630 1407 3694 ἔχοντα

922 3693 938 3748 5
961 3701 1094 3762 τροςῆιιιιν
1117 3694 1145 3746 bu
1171 3702 1215 3763 τῆς
1242 3701 1408 3764 συγγραφῆς,

922 3761 1115 3828 κομιζόμενοςδ
1132 3764 1207 3816 Conf.
1219 3765 1362 3817 Bosckh.
1374 3765 1407 3816 sd

922 3831 1407 3917 Inscriptt.Att.1.num.84.p.2124

922 3901 1066 3964 „Formula
1087 3897 1116 3949 τὰ
1138 3900 1187 3961 μὲν
1204 3896 1266 3950 ἄλλα
1281 3849 1407 3966 καθάπερ

923 3988 951 4034 τη
940 3969 1048 4034 βουλῇ
1057 3966 1151 4034 (δοκεῖ)
1162 3969 1320 4019 usitata,-
1335 3919 1408 4020 Εἰπέ

922 4037 1091 4102 explicandus
1108 4037 1184 4087 Plato
1202 4037 1282 4104 (ios-g.
1304 4053 1331 4104 p
1346 4036 1407 4089 451.

922 4107 961 4166 B.,
982 4121 1048 4169 quas
1065 4119 1113 4154 nec
1130 4104 1212 4155 schol
1228 4120 1278 4156 ιιιιο
1295 4105 1409 4172 interpp.

922 4180 990 4222 recte
1004 4171 1210 4223 intellexemnc”
1230 4172 1409 4239 cogitandum

923 4240 955 4291 de
973 4240 1073 4291 scribis
1081 4240 1200 4306 publicis,
1218 4240 1251 4292 ι1ο
1268 4242 1366 4307 quibus
1382 4256 1409 4292 v.

359 4372 360 4375 Ἴ
390 4310 433 4365 tva
450 4305 670 4395 μητιριττολογ
688 4309 758 4375 ἔλεγε
775 4327 805 4359 τα
822 4308 872 4371 μὲν
922 4307 1411 4376 Schoemann.Dscom1tmpubl

390 4372 451 4431 ἄλλα
473 4381 570 4442 ομοίως
592 4395 614 4428 ιι.
633 4395 652 4427 τ.
671 4379 691 4429 λ
726 4376 769 4428 Ad
791 4376 871 4428 verba
921 4393 946 4444 p.
964 4375 1023 4430 118.
1057 4377 1196 4428 Diversum
1218 4376 1411 4435 sstPhudon·
