<?xml version="1.0" encoding="UTF-8"?>
<!DOCTYPE html PUBLIC "-//W3C//DTD XHTML 1.0 Transitional//EN"
    "http://www.w3.org/TR/xhtml1/DTD/xhtml1-transitional.dtd">
<html xmlns="http://www.w3.org/1999/xhtml" xml:lang="en" lang="en">
 <head>
  <title>
</title>
<meta http-equiv="Content-Type" content="text/html;charset=utf-8" />
  <meta name='ocr-system' content='tesseract 3.04.00' />
  <meta name='ocr-capabilities' content='ocr_page ocr_carea ocr_par ocr_line ocrx_word'/>
</head>
<body>
  <div class='ocr_page' id='page_1' title='image "./platonisgorgias02platgoog_0351.png"; bbox 0 0 3242 5259; ppageno 0'>
   <div class='ocr_carea' id='block_1_1' title="bbox 395 560 1002 647">
    <p class='ocr_par' dir='ltr' id='par_1_1' title="bbox 395 560 1002 647">
     <span class='ocr_line' id='line_1_1' title="bbox 395 560 1002 647; baseline 0 -2"><span class='ocrx_word' id='word_1_1' title='bbox 395 591 454 646; x_wconf 84' lang='lat' dir='ltr'>eoa</span> <span class='ocrx_word' id='word_1_2' title='bbox 651 560 652 564; x_wconf 61' lang='lat'><em>&#39;</em></span> <span class='ocrx_word' id='word_1_3' title='bbox 805 587 1002 647; x_wconf 71' lang='lat' dir='ltr'>neironis</span> 
     </span>
    </p>
   </div>
   <div class='ocr_carea' id='block_1_2' title="bbox 309 743 1408 2012">
    <p class='ocr_par' dir='ltr' id='par_1_2' title="bbox 309 743 1408 1126">
     <span class='ocr_line' id='line_1_2' title="bbox 309 743 1408 833; baseline -0.005 -15"><span class='ocrx_word' id='word_1_4' title='bbox 309 756 372 820; x_wconf 81' lang='lat'>516</span> <span class='ocrx_word' id='word_1_5' title='bbox 394 749 501 833; x_wconf 79' lang='grc' dir='ltr'><strong><em>ἐπειδὴ</em></strong></span> <span class='ocrx_word' id='word_1_6' title='bbox 529 748 563 813; x_wconf 82' lang='grc' dir='ltr'>δὲ</span> <span class='ocrx_word' id='word_1_7' title='bbox 583 749 676 813; x_wconf 86' lang='grc' dir='ltr'><strong><em>καλοί</em></strong></span> <span class='ocrx_word' id='word_1_8' title='bbox 695 748 838 831; x_wconf 78' lang='grc' dir='ltr'><strong><em>κάγαθοὶ</em></strong></span> <span class='ocrx_word' id='word_1_9' title='bbox 859 749 1050 832; x_wconf 78' lang='grc' dir='ltr'><strong><em>ἐγεγόνεσαν</em></strong></span> <span class='ocrx_word' id='word_1_10' title='bbox 1070 745 1123 813; x_wconf 79' lang='grc' dir='ltr'>ὑπ’</span> <span class='ocrx_word' id='word_1_11' title='bbox 1144 743 1266 826; x_wconf 79' lang='grc' dir='ltr'><strong><em>αὐτοῦ,</em></strong></span> <span class='ocrx_word' id='word_1_12' title='bbox 1295 747 1346 813; x_wconf 81' lang='grc' dir='ltr'>ἐπὶ</span> <span class='ocrx_word' id='word_1_13' title='bbox 1364 771 1408 813; x_wconf 85' lang='grc' dir='ltr'><strong><em>τε-</em></strong></span> 
     </span>
     <span class='ocr_line' id='line_1_3' title="bbox 393 842 1408 931; baseline -0.002 -19"><span class='ocrx_word' id='word_1_14' title='bbox 393 855 487 931; x_wconf 78' lang='grc' dir='ltr'><strong><em>λευτῇ</em></strong></span> <span class='ocrx_word' id='word_1_15' title='bbox 507 858 567 911; x_wconf 86' lang='grc' dir='ltr'><strong><em>τοῦ</em></strong></span> <span class='ocrx_word' id='word_1_16' title='bbox 587 847 663 928; x_wconf 83' lang='grc' dir='ltr'><strong><em>βίον</em></strong></span> <span class='ocrx_word' id='word_1_17' title='bbox 683 855 743 912; x_wconf 89' lang='grc' dir='ltr'><strong><em>τοῦ</em></strong></span> <span class='ocrx_word' id='word_1_18' title='bbox 766 846 978 929; x_wconf 79' lang='grc' dir='ltr'><strong><em>Περικλέους,</em></strong></span> <span class='ocrx_word' id='word_1_19' title='bbox 1000 846 1131 930; x_wconf 57' lang='grc' dir='ltr'>7κλοπὴν</span> <span class='ocrx_word' id='word_1_20' title='bbox 1152 842 1257 911; x_wconf 80' lang='grc' dir='ltr'><strong><em>αὐτοῦ</em></strong></span> <span class='ocrx_word' id='word_1_21' title='bbox 1277 857 1408 930; x_wconf 79' lang='grc' dir='ltr'><strong><em>κατεψη-</em></strong></span> 
     </span>
     <span class='ocr_line' id='line_1_4' title="bbox 394 942 1408 1029; baseline 0.001 -20"><span class='ocrx_word' id='word_1_22' title='bbox 394 947 542 1029; x_wconf 82' lang='grc' dir='ltr'><strong><em>φίσαντο,</em></strong></span> <span class='ocrx_word' id='word_1_23' title='bbox 564 945 676 1029; x_wconf 86' lang='grc' dir='ltr'><strong><em>ὀλίγον</em></strong></span> <span class='ocrx_word' id='word_1_24' title='bbox 695 945 729 1010; x_wconf 78' lang='grc' dir='ltr'>δὲ</span> <span class='ocrx_word' id='word_1_25' title='bbox 748 946 802 1011; x_wconf 84' lang='grc' dir='ltr'><strong><em>καὶ</em></strong></span> <span class='ocrx_word' id='word_1_26' title='bbox 824 950 973 1011; x_wconf 73' lang='grc' dir='ltr'><strong><em>θανάτου</em></strong></span> <span class='ocrx_word' id='word_1_27' title='bbox 994 944 1153 1028; x_wconf 78' lang='grc' dir='ltr'><strong><em>ἐτίμησαν,</em></strong></span> <span class='ocrx_word' id='word_1_28' title='bbox 1175 946 1279 1029; x_wconf 81' lang='grc' dir='ltr'><strong><em>δῆλον</em></strong></span> <span class='ocrx_word' id='word_1_29' title='bbox 1300 942 1350 1010; x_wconf 84' lang='grc' dir='ltr'><strong><em>ὅτι</em></strong></span> <span class='ocrx_word' id='word_1_30' title='bbox 1369 948 1408 1021; x_wconf 79' lang='grc' dir='ltr'>ὡς</span> 
     </span>
     <span class='ocr_line' id='line_1_5' title="bbox 393 1047 663 1126; baseline -0.019 -18"><span class='ocrx_word' id='word_1_31' title='bbox 393 1055 540 1126; x_wconf 79' lang='grc' dir='ltr'><strong><em>πονηροῦ</em></strong></span> <span class='ocrx_word' id='word_1_32' title='bbox 561 1047 663 1117; x_wconf 85' lang='grc' dir='ltr'><strong><em>ὄντος.</em></strong></span> 
     </span>
    </p>

    <p class='ocr_par' dir='ltr' id='par_1_3' title="bbox 393 1133 1408 1620">
     <span class='ocr_line' id='line_1_6' title="bbox 460 1133 1408 1233; baseline -0.004 -23"><span class='ocrx_word' id='word_1_33' title='bbox 460 1144 540 1233; x_wconf 85' lang='lat' dir='ltr'>Cap.</span> <span class='ocrx_word' id='word_1_34' title='bbox 561 1143 705 1209; x_wconf 89' lang='lat' dir='ltr'>LXXII.</span> <span class='ocrx_word' id='word_1_35' title='bbox 751 1142 854 1204; x_wconf 87' lang='grc' dir='ltr'><em>ΚΑΛ.</em></span> <span class='ocrx_word' id='word_1_36' title='bbox 891 1139 929 1202; x_wconf 89' lang='grc' dir='ltr'>Τί</span> <span class='ocrx_word' id='word_1_37' title='bbox 950 1133 1030 1215; x_wconf 66' lang='grc' dir='ltr'><strong><em>οὖας</em></strong></span> <span class='ocrx_word' id='word_1_38' title='bbox 1058 1140 1179 1203; x_wconf 89' lang='grc' dir='ltr'><strong><em>τούτου</em></strong></span> <span class='ocrx_word' id='word_1_39' title='bbox 1198 1139 1295 1204; x_wconf 79' lang='grc' dir='ltr'><strong><em>ἕνεκα</em></strong></span> <span class='ocrx_word' id='word_1_40' title='bbox 1315 1141 1408 1218; x_wconf 84' lang='grc' dir='ltr'><strong><em>κακὸς</em></strong></span> 
     </span>
     <span class='ocr_line' id='line_1_7' title="bbox 393 1235 1407 1326; baseline 0.001 -19"><span class='ocrx_word' id='word_1_41' title='bbox 393 1237 436 1326; x_wconf 80' lang='grc' dir='ltr'><strong><em>ἦν</em></strong></span> <span class='ocrx_word' id='word_1_42' title='bbox 453 1247 626 1325; x_wconf 77' lang='grc' dir='ltr'><strong><em>Περικλῆς;</em></strong></span> <span class='ocrx_word' id='word_1_43' title='bbox 648 1244 725 1305; x_wconf 72' lang='grc' dir='ltr'>ΣΠ.</span> <span class='ocrx_word' id='word_1_44' title='bbox 738 1235 855 1304; x_wconf 75' lang='grc' dir='ltr'><strong><em>’Όνων</em></strong></span> <span class='ocrx_word' id='word_1_45' title='bbox 870 1252 953 1322; x_wconf 82' lang='grc' dir='ltr'><strong><em>γοῦν</em></strong></span> <span class='ocrx_word' id='word_1_46' title='bbox 967 1240 1008 1304; x_wconf 81' lang='grc' dir='ltr'><strong><em>ἂν</em></strong></span> <span class='ocrx_word' id='word_1_47' title='bbox 1026 1238 1212 1323; x_wconf 75' lang='grc' dir='ltr'><strong><em>ἐπιμελητὴς</em></strong></span> <span class='ocrx_word' id='word_1_48' title='bbox 1229 1241 1286 1306; x_wconf 86' lang='grc' dir='ltr'><strong><em>καὶ</em></strong></span> <span class='ocrx_word' id='word_1_49' title='bbox 1305 1245 1407 1308; x_wconf 81' lang='grc' dir='ltr'><strong><em>ἵππων</em></strong></span> 
     </span>
     <span class='ocr_line' id='line_1_8' title="bbox 394 1335 1405 1424; baseline 0.002 -20"><span class='ocrx_word' id='word_1_50' title='bbox 394 1342 448 1404; x_wconf 81' lang='grc' dir='ltr'><strong><em>καί</em></strong></span> <span class='ocrx_word' id='word_1_51' title='bbox 477 1343 566 1420; x_wconf 80' lang='grc' dir='ltr'><strong><em>βοῦν</em></strong></span> <span class='ocrx_word' id='word_1_52' title='bbox 594 1351 738 1413; x_wconf 85' lang='grc' dir='ltr'><strong><em>τοιοῦτος</em></strong></span> <span class='ocrx_word' id='word_1_53' title='bbox 764 1339 810 1403; x_wconf 78' lang='grc' dir='ltr'><strong><em>ὢν</em></strong></span> <span class='ocrx_word' id='word_1_54' title='bbox 831 1342 929 1414; x_wconf 87' lang='grc' dir='ltr'><strong><em>κακὸς</em></strong></span> <span class='ocrx_word' id='word_1_55' title='bbox 950 1339 991 1402; x_wconf 87' lang='grc' dir='ltr'><strong><em>άν</em></strong></span> <span class='ocrx_word' id='word_1_56' title='bbox 1012 1337 1114 1402; x_wconf 71' lang='grc' dir='ltr'><strong><em>ἐδόκει</em></strong></span> <span class='ocrx_word' id='word_1_57' title='bbox 1134 1335 1233 1414; x_wconf 79' lang='grc' dir='ltr'><strong><em>εἶναι,</em></strong></span> <span class='ocrx_word' id='word_1_58' title='bbox 1264 1342 1291 1404; x_wconf 86' lang='grc' dir='ltr'>εί</span> <span class='ocrx_word' id='word_1_59' title='bbox 1314 1363 1405 1424; x_wconf 78' lang='grc' dir='ltr'><strong><em>παρα-</em></strong></span> 
     </span>
     <span class='ocr_line' id='line_1_9' title="bbox 394 1435 1405 1520; baseline 0 -18"><span class='ocrx_word' id='word_1_60' title='bbox 394 1440 504 1520; x_wconf 86' lang='grc' dir='ltr'><strong><em>λαβὼν</em></strong></span> <span class='ocrx_word' id='word_1_61' title='bbox 532 1437 575 1520; x_wconf 80' lang='grc' dir='ltr'>μὴ</span> <span class='ocrx_word' id='word_1_62' title='bbox 605 1441 809 1516; x_wconf 79' lang='grc' dir='ltr'><strong><em>λακτίζοντας</em></strong></span> <span class='ocrx_word' id='word_1_63' title='bbox 836 1435 915 1519; x_wconf 81' lang='grc' dir='ltr'>μηδὲ</span> <span class='ocrx_word' id='word_1_64' title='bbox 941 1439 1149 1518; x_wconf 76' lang='grc' dir='ltr'><strong><em>κυοίττοντας</em></strong></span> <span class='ocrx_word' id='word_1_65' title='bbox 1175 1435 1255 1519; x_wconf 78' lang='grc' dir='ltr'>μηδὲ</span> <span class='ocrx_word' id='word_1_66' title='bbox 1277 1438 1405 1504; x_wconf 78' lang='grc' dir='ltr'><strong><em>δάκνον-</em></strong></span> 
     </span>
     <span class='ocr_line' id='line_1_10' title="bbox 394 1528 1404 1620; baseline 0 -21"><span class='ocrx_word' id='word_1_67' title='bbox 394 1560 449 1610; x_wconf 89' lang='grc' dir='ltr'>τας</span> <span class='ocrx_word' id='word_1_68' title='bbox 484 1536 623 1613; x_wconf 81' lang='grc' dir='ltr'><strong><em>άκέδειξε</em></strong></span> <span class='ocrx_word' id='word_1_69' title='bbox 657 1542 759 1598; x_wconf 85' lang='grc' dir='ltr'><strong><em>ταῦτα</em></strong></span> <span class='ocrx_word' id='word_1_70' title='bbox 796 1533 924 1598; x_wconf 79' lang='grc' dir='ltr'><strong><em>ἅκαντα</em></strong></span> <span class='ocrx_word' id='word_1_71' title='bbox 957 1539 1132 1609; x_wconf 83' lang='grc' dir='ltr'><strong><em>ποιοῦντας</em></strong></span> <span class='ocrx_word' id='word_1_72' title='bbox 1160 1528 1197 1598; x_wconf 80' lang='grc' dir='ltr'>δι’</span> <span class='ocrx_word' id='word_1_73' title='bbox 1227 1536 1404 1620; x_wconf 75' lang='grc' dir='ltr'><strong><em>ἀγριότητα.</em></strong></span> 
     </span>
    </p>

    <p class='ocr_par' dir='ltr' id='par_1_4' title="bbox 332 1627 1406 2012">
     <span class='ocr_line' id='line_1_11' title="bbox 332 1627 1406 1716; baseline 0.002 -19"><span class='ocrx_word' id='word_1_74' title='bbox 332 1642 361 1706; x_wconf 94' lang='grc' dir='ltr'>Β</span> <span class='ocrx_word' id='word_1_75' title='bbox 397 1627 583 1715; x_wconf 63' lang='lat' dir='ltr'>desiderari</span> <span class='ocrx_word' id='word_1_76' title='bbox 602 1650 653 1697; x_wconf 86' lang='grc' dir='ltr'>σοι</span> <span class='ocrx_word' id='word_1_77' title='bbox 674 1633 772 1706; x_wconf 87' lang='grc' dir='ltr'><strong><em>κακὸς</em></strong></span> <span class='ocrx_word' id='word_1_78' title='bbox 793 1627 876 1695; x_wconf 82' lang='grc' dir='ltr'><strong><em>εἶναι</em></strong></span> <span class='ocrx_word' id='word_1_79' title='bbox 897 1630 1083 1716; x_wconf 78' lang='grc' dir='ltr'><strong><em>ἐπιμελητὴς</em></strong></span> <span class='ocrx_word' id='word_1_80' title='bbox 1103 1632 1250 1707; x_wconf 90' lang='grc' dir='ltr'><strong><em>ὁςτιςοῦν</em></strong></span> <span class='ocrx_word' id='word_1_81' title='bbox 1271 1633 1406 1699; x_wconf 82' lang='grc' dir='ltr'><strong><em>ὁτουοῦν</em></strong></span> 
     </span>
     <span class='ocr_line' id='line_1_12' title="bbox 395 1725 1406 1814; baseline 0 -19"><span class='ocrx_word' id='word_1_82' title='bbox 395 1725 491 1810; x_wconf 57' lang='lat' dir='ltr'>gaico,</span> <span class='ocrx_word' id='word_1_83' title='bbox 521 1734 556 1806; x_wconf 83' lang='grc' dir='ltr'>ὃς</span> <span class='ocrx_word' id='word_1_84' title='bbox 577 1732 618 1795; x_wconf 81' lang='grc' dir='ltr'><strong><em>άν</em></strong></span> <span class='ocrx_word' id='word_1_85' title='bbox 638 1731 836 1810; x_wconf 80' lang='grc' dir='ltr'><strong><em>παραλαβὼν</em></strong></span> <span class='ocrx_word' id='word_1_86' title='bbox 855 1726 1040 1812; x_wconf 71' lang='grc' dir='ltr'><strong><em>ἡμερότερα</em></strong></span> <span class='ocrx_word' id='word_1_87' title='bbox 1060 1730 1211 1814; x_wconf 80' lang='grc' dir='ltr'><strong><em>άκοδείξγ</em></strong></span> <span class='ocrx_word' id='word_1_88' title='bbox 1233 1726 1406 1814; x_wconf 77' lang='grc' dir='ltr'><strong><em>άγοιαίτερα</em></strong></span> 
     </span>
     <span class='ocr_line' id='line_1_13' title="bbox 396 1824 1404 1913; baseline 0.002 -21"><span class='ocrx_word' id='word_1_89' title='bbox 396 1824 610 1912; x_wconf 76' lang='grc' dir='ltr'><strong><em>ἢπαοέλαβε,·</em></strong></span> <span class='ocrx_word' id='word_1_90' title='bbox 638 1835 749 1902; x_wconf 80' lang='grc' dir='ltr'><strong><em>Δοκεῖ,</em></strong></span> <span class='ocrx_word' id='word_1_91' title='bbox 770 1824 792 1910; x_wconf 77' lang='grc' dir='ltr'><em>ἢ</em></span> <span class='ocrx_word' id='word_1_92' title='bbox 813 1833 871 1905; x_wconf 68' lang='grc' dir='ltr'>οῦς</span> <span class='ocrx_word' id='word_1_93' title='bbox 905 1832 1003 1891; x_wconf 83' lang='grc' dir='ltr'><em>ΚΑΛ.</em></span> <span class='ocrx_word' id='word_1_94' title='bbox 1026 1830 1123 1892; x_wconf 83' lang='grc' dir='ltr'><strong><em>Πάνυ</em></strong></span> <span class='ocrx_word' id='word_1_95' title='bbox 1144 1849 1188 1910; x_wconf 81' lang='grc' dir='ltr'>γε,</span> <span class='ocrx_word' id='word_1_96' title='bbox 1211 1828 1268 1892; x_wconf 80' lang='grc' dir='ltr'>ἵνα</span> <span class='ocrx_word' id='word_1_97' title='bbox 1288 1847 1341 1893; x_wconf 87' lang='grc' dir='ltr'>σοι</span> <span class='ocrx_word' id='word_1_98' title='bbox 1359 1854 1404 1913; x_wconf 82' lang='grc' dir='ltr'><strong><em>χα-</em></strong></span> 
     </span>
     <span class='ocr_line' id='line_1_14' title="bbox 395 1927 1405 2012; baseline 0.003 -22"><span class='ocrx_word' id='word_1_99' title='bbox 395 1929 540 2012; x_wconf 84' lang='grc' dir='ltr'><strong><em>ρίσωμαι.</em></strong></span> <span class='ocrx_word' id='word_1_100' title='bbox 581 1930 655 1991; x_wconf 75' lang='grc' dir='ltr'>ΣΠ.</span> <span class='ocrx_word' id='word_1_101' title='bbox 677 1927 754 1990; x_wconf 62' lang='lat' dir='ltr'>Kal</span> <span class='ocrx_word' id='word_1_102' title='bbox 782 1928 854 1990; x_wconf 83' lang='grc' dir='ltr'><strong><em>τόδε</em></strong></span> <span class='ocrx_word' id='word_1_103' title='bbox 880 1928 994 1991; x_wconf 84' lang='grc' dir='ltr'><strong><em>τοίνυν</em></strong></span> <span class='ocrx_word' id='word_1_104' title='bbox 1014 1950 1069 2009; x_wconf 87' lang='grc' dir='ltr'>μοι</span> <span class='ocrx_word' id='word_1_105' title='bbox 1089 1928 1217 2008; x_wconf 81' lang='grc' dir='ltr'><strong><em>χάρισαι</em></strong></span> <span class='ocrx_word' id='word_1_106' title='bbox 1239 1927 1405 2010; x_wconf 83' lang='grc' dir='ltr'><strong><em>άαοκρινά-</em></strong></span> 
     </span>
    </p>
   </div>
   <div class='ocr_carea' id='block_1_3' title="bbox 394 2107 1407 2722">
    <p class='ocr_par' dir='ltr' id='par_1_5' title="bbox 394 2107 1407 2584">
     <span class='ocr_line' id='line_1_15' title="bbox 446 2107 1405 2179; baseline 0.002 -17"><span class='ocrx_word' id='word_1_107' title='bbox 446 2108 589 2178; x_wconf 76' lang='grc' dir='ltr'><strong><em>κάγαθοί</em></strong></span> <span class='ocrx_word' id='word_1_108' title='bbox 614 2108 828 2177; x_wconf 77' lang='grc' dir='ltr'><strong><em>ἐγεγόνεσαν]</em></strong></span> <span class='ocrx_word' id='word_1_109' title='bbox 857 2111 926 2163; x_wconf 89' lang='lat' dir='ltr'>Vett.</span> <span class='ocrx_word' id='word_1_110' title='bbox 949 2110 1020 2161; x_wconf 81' lang='lat' dir='ltr'>editt</span> <span class='ocrx_word' id='word_1_111' title='bbox 1044 2107 1220 2176; x_wconf 78' lang='grc' dir='ltr'><strong><em>ἐγεγόνεισαν.</em></strong></span> <span class='ocrx_word' id='word_1_112' title='bbox 1245 2113 1315 2178; x_wconf 80' lang='lat' dir='ltr'>Aug.</span> <span class='ocrx_word' id='word_1_113' title='bbox 1338 2111 1405 2179; x_wconf 76' lang='grc' dir='ltr'><strong><em>γεγό-</em></strong></span> 
     </span>
     <span class='ocr_line' id='line_1_16' title="bbox 394 2178 1407 2247; baseline 0.002 -17"><span class='ocrx_word' id='word_1_114' title='bbox 394 2195 491 2230; x_wconf 83' lang='grc' dir='ltr'><strong><em>νεισαν.</em></strong></span> <span class='ocrx_word' id='word_1_115' title='bbox 526 2181 557 2228; x_wconf 93' lang='lat' dir='ltr'>ln</span> <span class='ocrx_word' id='word_1_116' title='bbox 575 2178 663 2230; x_wconf 83' lang='lat' dir='ltr'>Clark.</span> <span class='ocrx_word' id='word_1_117' title='bbox 680 2180 739 2229; x_wconf 89' lang='lat' dir='ltr'>Vat.</span> <span class='ocrx_word' id='word_1_118' title='bbox 757 2178 838 2229; x_wconf 85' lang='lat' dir='ltr'>Goisl.</span> <span class='ocrx_word' id='word_1_119' title='bbox 860 2178 921 2230; x_wconf 90' lang='lat' dir='ltr'>aliis</span> <span class='ocrx_word' id='word_1_120' title='bbox 943 2195 996 2228; x_wconf 93' lang='lat' dir='ltr'>non</span> <span class='ocrx_word' id='word_1_121' title='bbox 1019 2182 1111 2243; x_wconf 88' lang='lat' dir='ltr'>paucis</span> <span class='ocrx_word' id='word_1_122' title='bbox 1128 2180 1303 2244; x_wconf 81' lang='lat' dir='ltr'>perscriptum</span> <span class='ocrx_word' id='word_1_123' title='bbox 1319 2181 1407 2247; x_wconf 85' lang='lat' dir='ltr'>legitur</span> 
     </span>
     <span class='ocr_line' id='line_1_17' title="bbox 395 2244 1406 2316; baseline 0.001 -19"><span class='ocrx_word' id='word_1_124' title='bbox 395 2246 559 2314; x_wconf 80' lang='grc' dir='ltr'><strong><em>ἐγεγόνεσαν.</em></strong></span> <span class='ocrx_word' id='word_1_125' title='bbox 592 2248 657 2297; x_wconf 89' lang='lat' dir='ltr'>Veu.</span> <span class='ocrx_word' id='word_1_126' title='bbox 680 2247 711 2297; x_wconf 84' lang='grc' dir='ltr'>Σ.</span> <span class='ocrx_word' id='word_1_127' title='bbox 739 2246 817 2296; x_wconf 92' lang='lat' dir='ltr'>Vind.</span> <span class='ocrx_word' id='word_1_128' title='bbox 834 2244 858 2296; x_wconf 80' lang='lat'>2.</span> <span class='ocrx_word' id='word_1_129' title='bbox 877 2245 900 2296; x_wconf 79' lang='lat'>7.</span> <span class='ocrx_word' id='word_1_130' title='bbox 924 2248 982 2296; x_wconf 88' lang='lat' dir='ltr'>Par.</span> <span class='ocrx_word' id='word_1_131' title='bbox 1001 2247 1052 2296; x_wconf 90' lang='lat' dir='ltr'>1v.</span> <span class='ocrx_word' id='word_1_132' title='bbox 1074 2246 1143 2297; x_wconf 86' lang='lat' dir='ltr'>Flor.</span> <span class='ocrx_word' id='word_1_133' title='bbox 1161 2246 1186 2296; x_wconf 90' lang='lat' dir='ltr'>b.</span> <span class='ocrx_word' id='word_1_134' title='bbox 1209 2248 1321 2298; x_wconf 86' lang='lat' dir='ltr'>Meerm.</span> <span class='ocrx_word' id='word_1_135' title='bbox 1338 2247 1406 2316; x_wconf 84' lang='grc' dir='ltr'><strong><em>γεγό-</em></strong></span> 
     </span>
     <span class='ocr_line' id='line_1_18' title="bbox 396 2313 1406 2381; baseline 0.002 -16"><span class='ocrx_word' id='word_1_136' title='bbox 396 2332 485 2373; x_wconf 82' lang='grc' dir='ltr'><strong><em>νεσαν,</em></strong></span> <span class='ocrx_word' id='word_1_137' title='bbox 509 2315 576 2379; x_wconf 94' lang='lat' dir='ltr'>quod</span> <span class='ocrx_word' id='word_1_138' title='bbox 601 2322 669 2365; x_wconf 89' lang='lat' dir='ltr'>certe</span> <span class='ocrx_word' id='word_1_139' title='bbox 692 2330 745 2364; x_wconf 94' lang='lat' dir='ltr'>non</span> <span class='ocrx_word' id='word_1_140' title='bbox 769 2319 808 2364; x_wconf 88' lang='lat' dir='ltr'>est</span> <span class='ocrx_word' id='word_1_141' title='bbox 831 2313 1054 2365; x_wconf 85' lang='lat' dir='ltr'>contemnendum.</span> <span class='ocrx_word' id='word_1_142' title='bbox 1089 2316 1130 2365; x_wconf 92' lang='lat' dir='ltr'>De</span> <span class='ocrx_word' id='word_1_143' title='bbox 1147 2316 1245 2366; x_wconf 88' lang='lat' dir='ltr'>omisso</span> <span class='ocrx_word' id='word_1_144' title='bbox 1263 2316 1406 2381; x_wconf 84' lang='lat' dir='ltr'>plusquam·</span> 
     </span>
     <span class='ocr_line' id='line_1_19' title="bbox 394 2383 1405 2450; baseline 0.001 -16"><span class='ocrx_word' id='word_1_145' title='bbox 394 2385 500 2450; x_wconf 88' lang='lat' dir='ltr'>perfecti</span> <span class='ocrx_word' id='word_1_146' title='bbox 513 2390 652 2449; x_wconf 83' lang='lat' dir='ltr'>augmento</span> <span class='ocrx_word' id='word_1_147' title='bbox 670 2398 723 2432; x_wconf 90' lang='lat' dir='ltr'>non</span> <span class='ocrx_word' id='word_1_148' title='bbox 741 2388 780 2432; x_wconf 88' lang='lat' dir='ltr'>est</span> <span class='ocrx_word' id='word_1_149' title='bbox 797 2397 844 2432; x_wconf 90' lang='lat' dir='ltr'>cur</span> <span class='ocrx_word' id='word_1_150' title='bbox 862 2398 1029 2447; x_wconf 81' lang='lat' dir='ltr'><strong>exponamus.</strong></span> <span class='ocrx_word' id='word_1_151' title='bbox 1065 2383 1104 2432; x_wconf 91' lang='lat' dir='ltr'>De</span> <span class='ocrx_word' id='word_1_152' title='bbox 1122 2384 1309 2434; x_wconf 78' lang='lat' dir='ltr'>terminatione</span> <span class='ocrx_word' id='word_1_153' title='bbox 1326 2392 1405 2435; x_wconf 85' lang='lat' dir='ltr'>auten</span> 
     </span>
     <span class='ocr_line' id='line_1_20' title="bbox 394 2449 1405 2517; baseline 0 -15"><span class='ocrx_word' id='word_1_154' title='bbox 394 2453 640 2517; x_wconf 79' lang='lat' dir='ltr'>plusquamperfecti</span> <span class='ocrx_word' id='word_1_155' title='bbox 657 2452 684 2500; x_wconf 89' lang='lat' dir='ltr'>in</span> <span class='ocrx_word' id='word_1_156' title='bbox 703 2466 768 2500; x_wconf 80' lang='lat' dir='ltr'>esav</span> <span class='ocrx_word' id='word_1_157' title='bbox 784 2467 809 2500; x_wconf 87' lang='lat' dir='ltr'>v.</span> <span class='ocrx_word' id='word_1_158' title='bbox 827 2451 941 2501; x_wconf 82' lang='lat' dir='ltr'><strong>Fischer.</strong></span> <span class='ocrx_word' id='word_1_159' title='bbox 961 2450 993 2500; x_wconf 90' lang='lat' dir='ltr'>ad</span> <span class='ocrx_word' id='word_1_160' title='bbox 1010 2449 1272 2517; x_wconf 67' lang='lat' dir='ltr'>weller.11.p.3lu</span> <span class='ocrx_word' id='word_1_161' title='bbox 1296 2452 1405 2505; x_wconf 81' lang='lat' dir='ltr'>Lobeck.</span> 
     </span>
     <span class='ocr_line' id='line_1_21' title="bbox 394 2517 766 2584; baseline 0.005 -14"><span class='ocrx_word' id='word_1_162' title='bbox 394 2520 427 2570; x_wconf 87' lang='lat' dir='ltr'>ad</span> <span class='ocrx_word' id='word_1_163' title='bbox 445 2520 585 2584; x_wconf 84' lang='lat' dir='ltr'>Phrynich.</span> <span class='ocrx_word' id='word_1_164' title='bbox 603 2536 628 2584; x_wconf 90' lang='lat' dir='ltr'>p.</span> <span class='ocrx_word' id='word_1_165' title='bbox 646 2517 696 2569; x_wconf 87' lang='grc'>149</span> <span class='ocrx_word' id='word_1_166' title='bbox 714 2534 766 2584; x_wconf 88' lang='lat' dir='ltr'>seq.</span> 
     </span>
    </p>

    <p class='ocr_par' dir='ltr' id='par_1_6' title="bbox 394 2584 1405 2722">
     <span class='ocr_line' id='line_1_22' title="bbox 444 2584 1405 2654; baseline 0 -16"><span class='ocrx_word' id='word_1_167' title='bbox 444 2590 474 2638; x_wconf 91' lang='lat' dir='ltr'>P.</span> <span class='ocrx_word' id='word_1_168' title='bbox 492 2587 550 2639; x_wconf 73' lang='lat'><strong>516.</strong></span> <span class='ocrx_word' id='word_1_169' title='bbox 586 2586 642 2636; x_wconf 82' lang='grc' dir='ltr'>ἐπὶ</span> <span class='ocrx_word' id='word_1_170' title='bbox 665 2589 792 2652; x_wconf 73' lang='grc' dir='ltr'><strong><em>τελευτῇ</em></strong></span> <span class='ocrx_word' id='word_1_171' title='bbox 816 2591 872 2635; x_wconf 85' lang='grc' dir='ltr'><strong><em>τοῦ</em></strong></span> <span class='ocrx_word' id='word_1_172' title='bbox 890 2585 985 2650; x_wconf 83' lang='grc' dir='ltr'><strong><em>βίον]</em></strong></span> <span class='ocrx_word' id='word_1_173' title='bbox 1008 2586 1066 2636; x_wconf 90' lang='lat' dir='ltr'>Par.</span> <span class='ocrx_word' id='word_1_174' title='bbox 1084 2587 1105 2635; x_wconf 87' lang='grc' dir='ltr'>Ι.</span> <span class='ocrx_word' id='word_1_175' title='bbox 1124 2584 1167 2635; x_wconf 75' lang='grc' dir='ltr'>ἐπὶ</span> <span class='ocrx_word' id='word_1_176' title='bbox 1186 2591 1216 2652; x_wconf 81' lang='grc' dir='ltr'><strong><em>τῇ</em></strong></span> <span class='ocrx_word' id='word_1_177' title='bbox 1234 2589 1346 2654; x_wconf 74' lang='grc' dir='ltr'><strong><em>τελευτῇ.</em></strong></span> <span class='ocrx_word' id='word_1_178' title='bbox 1378 2589 1405 2637; x_wconf 91' lang='lat' dir='ltr'>In</span> 
     </span>
     <span class='ocr_line' id='line_1_23' title="bbox 394 2656 833 2722; baseline -0.007 -17"><span class='ocrx_word' id='word_1_179' title='bbox 394 2656 483 2722; x_wconf 83' lang='lat' dir='ltr'>Steph.</span> <span class='ocrx_word' id='word_1_180' title='bbox 501 2656 619 2720; x_wconf 89' lang='lat' dir='ltr'>exemplo</span> <span class='ocrx_word' id='word_1_181' title='bbox 638 2659 684 2705; x_wconf 78' lang='grc' dir='ltr'><strong><em>τοῦ</em></strong></span> <span class='ocrx_word' id='word_1_182' title='bbox 702 2656 833 2706; x_wconf 86' lang='lat' dir='ltr'>omissum.</span> 
     </span>
    </p>
   </div>
   <div class='ocr_carea' id='block_1_4' title="bbox 286 2833 1408 4468">
    <p class='ocr_par' dir='ltr' id='par_1_7' title="bbox 394 2833 1407 3586">
     <span class='ocr_line' id='line_1_24' title="bbox 428 2833 1405 2906; baseline 0.003 -18"><span class='ocrx_word' id='word_1_183' title='bbox 428 2840 457 2891; x_wconf 91' lang='lat' dir='ltr'>P.</span> <span class='ocrx_word' id='word_1_184' title='bbox 470 2838 527 2892; x_wconf 82' lang='grc'><strong>516.</strong></span> <span class='ocrx_word' id='word_1_185' title='bbox 545 2837 668 2906; x_wconf 80' lang='grc' dir='ltr'><strong><em>κλοπὴν</em></strong></span> <span class='ocrx_word' id='word_1_186' title='bbox 682 2836 784 2889; x_wconf 79' lang='grc' dir='ltr'><strong><em>αὐτοῦ</em></strong></span> <span class='ocrx_word' id='word_1_187' title='bbox 798 2837 877 2905; x_wconf 69' lang='grc' dir='ltr'><strong><em>κατ]</em></strong></span> <span class='ocrx_word' id='word_1_188' title='bbox 963 2839 1144 2904; x_wconf 71' lang='lat' dir='ltr'>crpLXXIL</span> <span class='ocrx_word' id='word_1_189' title='bbox 1168 2833 1325 2906; x_wconf 70' lang='grc' dir='ltr'><strong><em>ἀπέδειξα</em></strong></span> <span class='ocrx_word' id='word_1_190' title='bbox 1343 2846 1405 2891; x_wconf 87' lang='grc' dir='ltr'><strong><em>ταῦ·</em></strong></span> 
     </span>
     <span class='ocr_line' id='line_1_25' title="bbox 396 2905 1406 2973; baseline 0 -15"><span class='ocrx_word' id='word_1_191' title='bbox 396 2907 491 2958; x_wconf 79' lang='lat' dir='ltr'><strong>Narrat</strong></span> <span class='ocrx_word' id='word_1_192' title='bbox 516 2907 681 2958; x_wconf 88' lang='lat' dir='ltr'>Diodorus</span> <span class='ocrx_word' id='word_1_193' title='bbox 705 2908 764 2956; x_wconf 89' lang='lat' dir='ltr'>Xll.</span> <span class='ocrx_word' id='word_1_194' title='bbox 791 2923 811 2957; x_wconf 88' lang='lat' dir='ltr'>c.</span> <span class='ocrx_word' id='word_1_195' title='bbox 835 2905 877 2957; x_wconf 85' lang='lat'>38.</span> <span class='ocrx_word' id='word_1_196' title='bbox 929 2924 963 2956; x_wconf 90' lang='grc' dir='ltr'>τα</span> <span class='ocrx_word' id='word_1_197' title='bbox 986 2906 1035 2958; x_wconf 78' lang='grc' dir='ltr'><strong><em>ότι.</em></strong></span> <span class='ocrx_word' id='word_1_198' title='bbox 1058 2906 1098 2973; x_wconf 75' lang='grc' dir='ltr'>ια]</span> <span class='ocrx_word' id='word_1_199' title='bbox 1127 2908 1156 2958; x_wconf 87' lang='lat' dir='ltr'>si</span> <span class='ocrx_word' id='word_1_200' title='bbox 1174 2937 1207 2946; x_wconf 98' lang='lat'><em>-</em></span> <span class='ocrx_word' id='word_1_201' title='bbox 1225 2925 1278 2960; x_wconf 88' lang='lat' dir='ltr'>eos</span> <span class='ocrx_word' id='word_1_202' title='bbox 1303 2909 1406 2961; x_wconf 87' lang='lat' dir='ltr'>redde-</span> 
     </span>
     <span class='ocr_line' id='line_1_26' title="bbox 396 2972 1406 3042; baseline 0.001 -17"><span class='ocrx_word' id='word_1_203' title='bbox 396 2990 420 3039; x_wconf 91' lang='lat' dir='ltr'>p.</span> <span class='ocrx_word' id='word_1_204' title='bbox 438 2972 496 3025; x_wconf 84' lang='lat'><strong>306.</strong></span> <span class='ocrx_word' id='word_1_205' title='bbox 514 2976 558 3038; x_wconf 93' lang='lat' dir='ltr'>B.,</span> <span class='ocrx_word' id='word_1_206' title='bbox 578 2975 682 3039; x_wconf 87' lang='lat' dir='ltr'>Ephoro</span> <span class='ocrx_word' id='word_1_207' title='bbox 700 2981 812 3038; x_wconf 88' lang='lat' dir='ltr'>auctore,</span> <span class='ocrx_word' id='word_1_208' title='bbox 830 2975 877 3024; x_wconf 92' lang='lat' dir='ltr'>Pe·</span> <span class='ocrx_word' id='word_1_209' title='bbox 928 2981 977 3024; x_wconf 88' lang='lat' dir='ltr'>ret</span> <span class='ocrx_word' id='word_1_210' title='bbox 1009 2977 1092 3025; x_wconf 88' lang='lat' dir='ltr'>haec</span> <span class='ocrx_word' id='word_1_211' title='bbox 1127 2977 1238 3027; x_wconf 89' lang='lat' dir='ltr'>omnia</span> <span class='ocrx_word' id='word_1_212' title='bbox 1267 2986 1406 3042; x_wconf 89' lang='lat' dir='ltr'>propter</span> 
     </span>
     <span class='ocr_line' id='line_1_27' title="bbox 396 3041 1404 3107; baseline 0.004 -16"><span class='ocrx_word' id='word_1_213' title='bbox 396 3041 487 3091; x_wconf 87' lang='lat' dir='ltr'>riolem</span> <span class='ocrx_word' id='word_1_214' title='bbox 526 3043 558 3092; x_wconf 90' lang='lat' dir='ltr'>de</span> <span class='ocrx_word' id='word_1_215' title='bbox 597 3043 726 3092; x_wconf 90' lang='lat' dir='ltr'>sociorum</span> <span class='ocrx_word' id='word_1_216' title='bbox 765 3043 878 3107; x_wconf 87' lang='lat' dir='ltr'>pecunia</span> <span class='ocrx_word' id='word_1_217' title='bbox 928 3043 1096 3092; x_wconf 84' lang='lat' dir='ltr'>feritatem</span> <span class='ocrx_word' id='word_1_218' title='bbox 1118 3043 1300 3095; x_wconf 84' lang='lat' dir='ltr'>facientes.</span> <span class='ocrx_word' id='word_1_219' title='bbox 1335 3043 1404 3095; x_wconf 74' lang='grc' dir='ltr'><strong><em>Ἄτα·</em></strong></span> 
     </span>
     <span class='ocr_line' id='line_1_28' title="bbox 397 3107 1405 3176; baseline 0.003 -18"><span class='ocrx_word' id='word_1_220' title='bbox 397 3125 518 3174; x_wconf 84' lang='lat' dir='ltr'>magnam</span> <span class='ocrx_word' id='word_1_221' title='bbox 544 3117 642 3174; x_wconf 86' lang='lat' dir='ltr'>partem</span> <span class='ocrx_word' id='word_1_222' title='bbox 670 3111 698 3159; x_wconf 92' lang='lat' dir='ltr'>in</span> <span class='ocrx_word' id='word_1_223' title='bbox 723 3127 778 3160; x_wconf 90' lang='lat' dir='ltr'>rem</span> <span class='ocrx_word' id='word_1_224' title='bbox 803 3126 877 3160; x_wconf 90' lang='lat' dir='ltr'>suam</span> <span class='ocrx_word' id='word_1_225' title='bbox 929 3107 1063 3161; x_wconf 80' lang='grc' dir='ltr'><strong><em>δεικνύναι</em></strong></span> <span class='ocrx_word' id='word_1_226' title='bbox 1095 3113 1198 3176; x_wconf 89' lang='lat' dir='ltr'>proprie</span> <span class='ocrx_word' id='word_1_227' title='bbox 1233 3118 1274 3162; x_wconf 87' lang='lat' dir='ltr'>est</span> <span class='ocrx_word' id='word_1_228' title='bbox 1311 3114 1405 3165; x_wconf 88' lang='lat' dir='ltr'>mani-</span> 
     </span>
     <span class='ocr_line' id='line_1_29' title="bbox 396 3178 1405 3244; baseline 0.003 -18"><span class='ocrx_word' id='word_1_229' title='bbox 396 3179 504 3228; x_wconf 88' lang='lat' dir='ltr'>vertisse</span> <span class='ocrx_word' id='word_1_230' title='bbox 521 3194 560 3242; x_wconf 84' lang='lat' dir='ltr'>ec,</span> <span class='ocrx_word' id='word_1_231' title='bbox 581 3194 613 3227; x_wconf 92' lang='lat' dir='ltr'>ne</span> <span class='ocrx_word' id='word_1_232' title='bbox 630 3179 755 3228; x_wconf 79' lang='lat' dir='ltr'>rationein</span> <span class='ocrx_word' id='word_1_233' title='bbox 771 3178 877 3229; x_wconf 82' lang='lat' dir='ltr'>reddere</span> <span class='ocrx_word' id='word_1_234' title='bbox 928 3178 1049 3228; x_wconf 83' lang='lat' dir='ltr'>festum</span> <span class='ocrx_word' id='word_1_235' title='bbox 1074 3178 1225 3244; x_wconf 83' lang='lat' dir='ltr'>reddere,</span> <span class='ocrx_word' id='word_1_236' title='bbox 1250 3180 1346 3231; x_wconf 88' lang='lat' dir='ltr'>deinde</span> <span class='ocrx_word' id='word_1_237' title='bbox 1362 3198 1405 3232; x_wconf 84' lang='lat' dir='ltr'>ex-</span> 
     </span>
     <span class='ocr_line' id='line_1_30' title="bbox 396 3244 1407 3311; baseline 0.003 -16"><span class='ocrx_word' id='word_1_238' title='bbox 396 3253 537 3311; x_wconf 87' lang='lat' dir='ltr'>cogeretur‚</span> <span class='ocrx_word' id='word_1_239' title='bbox 555 3244 653 3296; x_wconf 92' lang='lat' dir='ltr'>bellum</span> <span class='ocrx_word' id='word_1_240' title='bbox 665 3248 812 3297; x_wconf 85' lang='lat' dir='ltr'>concitasse</span> <span class='ocrx_word' id='word_1_241' title='bbox 830 3248 878 3296; x_wconf 89' lang='lat' dir='ltr'>Pe·</span> <span class='ocrx_word' id='word_1_242' title='bbox 928 3246 1057 3309; x_wconf 86' lang='lat' dir='ltr'>hibere,</span> <span class='ocrx_word' id='word_1_243' title='bbox 1079 3246 1231 3310; x_wconf 83' lang='lat' dir='ltr'>reddere,</span> <span class='ocrx_word' id='word_1_244' title='bbox 1255 3250 1295 3298; x_wconf 85' lang='lat' dir='ltr'>ita</span> <span class='ocrx_word' id='word_1_245' title='bbox 1315 3255 1407 3311; x_wconf 88' lang='lat' dir='ltr'>tamen,</span> 
     </span>
     <span class='ocr_line' id='line_1_31' title="bbox 396 3314 1405 3379; baseline 0.004 -16"><span class='ocrx_word' id='word_1_246' title='bbox 396 3315 615 3379; x_wconf 89' lang='lat' dir='ltr'>loponnesiacum.</span> <span class='ocrx_word' id='word_1_247' title='bbox 631 3316 699 3366; x_wconf 87' lang='lat' dir='ltr'>conf.</span> <span class='ocrx_word' id='word_1_248' title='bbox 709 3314 876 3365; x_wconf 77' lang='lat' dir='ltr'><strong>Plutarch.</strong></span> <span class='ocrx_word' id='word_1_249' title='bbox 927 3315 1252 3378; x_wconf 84' lang='lat' dir='ltr'>utprimariaostendendi</span> <span class='ocrx_word' id='word_1_250' title='bbox 1268 3319 1341 3367; x_wconf 89' lang='lat' dir='ltr'>notio</span> <span class='ocrx_word' id='word_1_251' title='bbox 1358 3333 1405 3367; x_wconf 89' lang='lat' dir='ltr'>non</span> 
     </span>
     <span class='ocr_line' id='line_1_32' title="bbox 395 3381 1405 3450; baseline 0.001 -19"><span class='ocrx_word' id='word_1_252' title='bbox 395 3383 447 3432; x_wconf 86' lang='lat' dir='ltr'>vit.</span> <span class='ocrx_word' id='word_1_253' title='bbox 473 3384 565 3435; x_wconf 89' lang='lat' dir='ltr'>Periol.</span> <span class='ocrx_word' id='word_1_254' title='bbox 587 3382 628 3434; x_wconf 91' lang='lat'>31.</span> <span class='ocrx_word' id='word_1_255' title='bbox 655 3400 681 3448; x_wconf 91' lang='lat' dir='ltr'>p.</span> <span class='ocrx_word' id='word_1_256' title='bbox 704 3381 761 3434; x_wconf 84' lang='grc'><strong>169.</strong></span> <span class='ocrx_word' id='word_1_257' title='bbox 804 3383 877 3432; x_wconf 88' lang='lat' dir='ltr'>Idem</span> <span class='ocrx_word' id='word_1_258' title='bbox 927 3398 1032 3446; x_wconf 90' lang='lat' dir='ltr'>prorsus</span> <span class='ocrx_word' id='word_1_259' title='bbox 1071 3381 1214 3434; x_wconf 85' lang='lat' dir='ltr'>aboleatur.</span> <span class='ocrx_word' id='word_1_260' title='bbox 1264 3385 1405 3450; x_wconf 88' lang='lat' dir='ltr'>Xenoph.</span> 
     </span>
     <span class='ocr_line' id='line_1_33' title="bbox 394 3448 1405 3517; baseline 0.004 -17"><span class='ocrx_word' id='word_1_261' title='bbox 394 3453 533 3501; x_wconf 82' lang='lat' dir='ltr'>memoriae</span> <span class='ocrx_word' id='word_1_262' title='bbox 576 3451 682 3501; x_wconf 82' lang='lat' dir='ltr'>tradidit</span> <span class='ocrx_word' id='word_1_263' title='bbox 723 3457 875 3500; x_wconf 88' lang='lat' dir='ltr'>accusatum</span> <span class='ocrx_word' id='word_1_264' title='bbox 929 3448 1131 3515; x_wconf 79' lang='lat' dir='ltr'>Cyrop.I,2,b:</span> <span class='ocrx_word' id='word_1_265' title='bbox 1149 3450 1244 3504; x_wconf 73' lang='grc' dir='ltr'><strong><em>παῖδας</em></strong></span> <span class='ocrx_word' id='word_1_266' title='bbox 1259 3453 1405 3517; x_wconf 71' lang='grc' dir='ltr'><strong><em>βελτίστους</em></strong></span> 
     </span>
     <span class='ocr_line' id='line_1_34' title="bbox 395 3514 1406 3586; baseline 0.002 -18"><span class='ocrx_word' id='word_1_267' title='bbox 395 3535 454 3569; x_wconf 92' lang='lat' dir='ltr'>eum</span> <span class='ocrx_word' id='word_1_268' title='bbox 466 3536 522 3569; x_wconf 85' lang='lat' dir='ltr'>esse</span> <span class='ocrx_word' id='word_1_269' title='bbox 535 3527 678 3584; x_wconf 87' lang='lat' dir='ltr'>propterea,</span> <span class='ocrx_word' id='word_1_270' title='bbox 697 3520 765 3583; x_wconf 94' lang='lat' dir='ltr'>quod</span> <span class='ocrx_word' id='word_1_271' title='bbox 776 3529 876 3584; x_wconf 85' lang='lat' dir='ltr'>partem</span> <span class='ocrx_word' id='word_1_272' title='bbox 928 3514 1124 3577; x_wconf 77' lang='grc' dir='ltr'><strong><em>ἀποδεικνύναι,</em></strong></span> <span class='ocrx_word' id='word_1_273' title='bbox 1149 3519 1219 3583; x_wconf 90' lang='lat' dir='ltr'>quod</span> <span class='ocrx_word' id='word_1_274' title='bbox 1242 3521 1333 3585; x_wconf 89' lang='lat' dir='ltr'>paullo</span> <span class='ocrx_word' id='word_1_275' title='bbox 1352 3527 1406 3586; x_wconf 88' lang='lat' dir='ltr'>post</span> 
     </span>
    </p>

    <p class='ocr_par' dir='ltr' id='par_1_8' title="bbox 286 3584 1408 4468">
     <span class='ocr_line' id='line_1_35' title="bbox 286 3584 1405 3652; baseline 0.001 -16"><span class='ocrx_word' id='word_1_276' title='bbox 286 3636 288 3641; x_wconf 84' lang='grc'><em>,</em></span> <span class='ocrx_word' id='word_1_277' title='bbox 394 3587 466 3636; x_wconf 90' lang='lat' dir='ltr'>illius</span> <span class='ocrx_word' id='word_1_278' title='bbox 484 3589 621 3652; x_wconf 87' lang='lat' dir='ltr'>pecuniae,</span> <span class='ocrx_word' id='word_1_279' title='bbox 644 3604 676 3637; x_wconf 89' lang='lat' dir='ltr'>ex</span> <span class='ocrx_word' id='word_1_280' title='bbox 699 3603 751 3650; x_wconf 87' lang='lat' dir='ltr'>qua</span> <span class='ocrx_word' id='word_1_281' title='bbox 768 3588 877 3638; x_wconf 85' lang='lat' dir='ltr'>Phidias</span> <span class='ocrx_word' id='word_1_282' title='bbox 928 3587 1023 3636; x_wconf 89' lang='lat' dir='ltr'>dicitur</span> <span class='ocrx_word' id='word_1_283' title='bbox 1045 3585 1166 3650; x_wconf 81' lang='grc' dir='ltr'><strong><em>παρέχειν</em></strong></span> <span class='ocrx_word' id='word_1_284' title='bbox 1188 3584 1219 3636; x_wconf 83' lang='grc' dir='ltr'><strong><em>τὰ</em></strong></span> <span class='ocrx_word' id='word_1_285' title='bbox 1243 3586 1337 3639; x_wconf 81' lang='grc' dir='ltr'><strong><em>δέοντα</em></strong></span> <span class='ocrx_word' id='word_1_286' title='bbox 1354 3606 1405 3637; x_wconf 83' lang='grc' dir='ltr'><strong><em>πα·</em></strong></span> 
     </span>
     <span class='ocr_line' id='line_1_36' title="bbox 395 3653 1405 3718; baseline 0.001 -14"><span class='ocrx_word' id='word_1_287' title='bbox 395 3656 529 3705; x_wconf 87' lang='lat' dir='ltr'>Minervae</span> <span class='ocrx_word' id='word_1_288' title='bbox 547 3661 657 3705; x_wconf 86' lang='lat' dir='ltr'>statuam</span> <span class='ocrx_word' id='word_1_289' title='bbox 676 3656 830 3717; x_wconf 66' lang='lat' dir='ltr'>vestivisse,</span> <span class='ocrx_word' id='word_1_290' title='bbox 848 3657 876 3705; x_wconf 92' lang='lat' dir='ltr'>in</span> <span class='ocrx_word' id='word_1_291' title='bbox 928 3660 1031 3706; x_wconf 77' lang='grc' dir='ltr'><strong><em>οῦνταο.</em></strong></span> <span class='ocrx_word' id='word_1_292' title='bbox 1057 3654 1122 3704; x_wconf 90' lang='lat' dir='ltr'>Ibid.</span> <span class='ocrx_word' id='word_1_293' title='bbox 1141 3653 1277 3718; x_wconf 80' lang='lat'>11‚1,23.</span> <span class='ocrx_word' id='word_1_294' title='bbox 1296 3657 1405 3716; x_wconf 86' lang='lat' dir='ltr'>etVlll,</span> 
     </span>
     <span class='ocr_line' id='line_1_37' title="bbox 395 3721 1405 3787; baseline 0 -15"><span class='ocrx_word' id='word_1_295' title='bbox 395 3725 510 3787; x_wconf 84' lang='lat' dir='ltr'>privatos</span> <span class='ocrx_word' id='word_1_296' title='bbox 533 3739 596 3772; x_wconf 90' lang='lat' dir='ltr'>usus</span> <span class='ocrx_word' id='word_1_297' title='bbox 619 3724 795 3773; x_wconf 85' lang='lat' dir='ltr'>convertisset.</span> <span class='ocrx_word' id='word_1_298' title='bbox 824 3723 876 3773; x_wconf 86' lang='lat' dir='ltr'>vid.</span> <span class='ocrx_word' id='word_1_299' title='bbox 929 3721 958 3784; x_wconf 89' lang='lat' dir='ltr'>l,</span> <span class='ocrx_word' id='word_1_300' title='bbox 980 3721 1021 3772; x_wconf 74' lang='lat'>85.</span> <span class='ocrx_word' id='word_1_301' title='bbox 1049 3728 1209 3787; x_wconf 86' lang='lat' dir='ltr'>permutatur</span> <span class='ocrx_word' id='word_1_302' title='bbox 1234 3739 1295 3774; x_wconf 89' lang='lat' dir='ltr'>cum</span> <span class='ocrx_word' id='word_1_303' title='bbox 1324 3723 1405 3774; x_wconf 83' lang='lat' dir='ltr'>verbis</span> 
     </span>
     <span class='ocr_line' id='line_1_38' title="bbox 395 3786 1404 3858; baseline 0 -18"><span class='ocrx_word' id='word_1_304' title='bbox 395 3790 531 3841; x_wconf 93' lang='lat' dir='ltr'>Diodor.</span> <span class='ocrx_word' id='word_1_305' title='bbox 549 3790 567 3844; x_wconf 88' lang='lat' dir='ltr'>l.</span> <span class='ocrx_word' id='word_1_306' title='bbox 585 3807 607 3841; x_wconf 85' lang='lat' dir='ltr'>c.</span> <span class='ocrx_word' id='word_1_307' title='bbox 630 3791 801 3842; x_wconf 79' lang='lat' dir='ltr'>Plutarch.</span> <span class='ocrx_word' id='word_1_308' title='bbox 818 3793 835 3841; x_wconf 96' lang='lat' dir='ltr'>l.</span> <span class='ocrx_word' id='word_1_309' title='bbox 854 3807 874 3840; x_wconf 90' lang='lat' dir='ltr'>c.</span> <span class='ocrx_word' id='word_1_310' title='bbox 928 3788 1138 3854; x_wconf 74' lang='grc' dir='ltr'><strong><em>παρασκευάζειν</em></strong></span> <span class='ocrx_word' id='word_1_311' title='bbox 1159 3797 1185 3840; x_wconf 90' lang='lat' dir='ltr'>et</span> <span class='ocrx_word' id='word_1_312' title='bbox 1201 3786 1404 3858; x_wconf 75' lang='grc' dir='ltr'><strong><em>ἀπεργάζεσθαι.</em></strong></span> 
     </span>
     <span class='ocr_line' id='line_1_39' title="bbox 395 3855 1405 3924; baseline -0.001 -17"><span class='ocrx_word' id='word_1_313' title='bbox 395 3859 519 3909; x_wconf 85' lang='lat' dir='ltr'>Defendit</span> <span class='ocrx_word' id='word_1_314' title='bbox 547 3859 673 3908; x_wconf 79' lang='lat' dir='ltr'>Periclem</span> <span class='ocrx_word' id='word_1_315' title='bbox 707 3859 875 3909; x_wconf 83' lang='lat' dir='ltr'>Aristides</span> <span class='ocrx_word' id='word_1_316' title='bbox 927 3860 1034 3908; x_wconf 87' lang='lat' dir='ltr'>Memor.</span> <span class='ocrx_word' id='word_1_317' title='bbox 1051 3859 1072 3921; x_wconf 91' lang='lat'>1,</span> <span class='ocrx_word' id='word_1_318' title='bbox 1089 3857 1114 3921; x_wconf 89' lang='lat'>6,</span> <span class='ocrx_word' id='word_1_319' title='bbox 1131 3855 1162 3909; x_wconf 83' lang='lat'>3:</span> <span class='ocrx_word' id='word_1_320' title='bbox 1181 3857 1291 3924; x_wconf 74' lang='grc' dir='ltr'><strong><em>μιμητὰς</em></strong></span> <span class='ocrx_word' id='word_1_321' title='bbox 1309 3860 1405 3911; x_wconf 75' lang='grc' dir='ltr'><strong><em>ἑαυτῶν</em></strong></span> 
     </span>
     <span class='ocr_line' id='line_1_40' title="bbox 395 3923 1405 3991; baseline 0.002 -15"><span class='ocrx_word' id='word_1_322' title='bbox 395 3926 530 3976; x_wconf 82' lang='lat' dir='ltr'>Commun.</span> <span class='ocrx_word' id='word_1_323' title='bbox 547 3926 657 3991; x_wconf 86' lang='lat' dir='ltr'>Apolog.</span> <span class='ocrx_word' id='word_1_324' title='bbox 675 3928 706 3978; x_wconf 88' lang='lat' dir='ltr'>T.</span> <span class='ocrx_word' id='word_1_325' title='bbox 725 3928 758 3976; x_wconf 88' lang='lat' dir='ltr'>II.</span> <span class='ocrx_word' id='word_1_326' title='bbox 775 3943 800 3991; x_wconf 92' lang='lat' dir='ltr'>p.</span> <span class='ocrx_word' id='word_1_327' title='bbox 816 3925 875 3978; x_wconf 79' lang='lat'><strong>244.</strong></span> <span class='ocrx_word' id='word_1_328' title='bbox 927 3923 1156 3976; x_wconf 78' lang='grc' dir='ltr'><strong><em>ἀποδεικνύουσιν.</em></strong></span> <span class='ocrx_word' id='word_1_329' title='bbox 1179 3928 1243 3977; x_wconf 88' lang='lat' dir='ltr'>Mox</span> <span class='ocrx_word' id='word_1_330' title='bbox 1253 3929 1334 3978; x_wconf 86' lang='lat' dir='ltr'>etiam</span> <span class='ocrx_word' id='word_1_331' title='bbox 1345 3924 1405 3979; x_wconf 80' lang='lat' dir='ltr'>olae-</span> 
     </span>
     <span class='ocr_line' id='line_1_41' title="bbox 395 3993 1208 4059; baseline -0.001 -15"><span class='ocrx_word' id='word_1_332' title='bbox 395 3994 435 4044; x_wconf 89' lang='lat' dir='ltr'>ed.</span> <span class='ocrx_word' id='word_1_333' title='bbox 457 3993 529 4044; x_wconf 87' lang='lat' dir='ltr'>Iebb.</span> <span class='ocrx_word' id='word_1_334' title='bbox 552 4010 660 4044; x_wconf 87' lang='lat' dir='ltr'>narrans</span> <span class='ocrx_word' id='word_1_335' title='bbox 684 4010 744 4044; x_wconf 91' lang='lat' dir='ltr'>eum</span> <span class='ocrx_word' id='word_1_336' title='bbox 760 3994 876 4059; x_wconf 61' lang='lat' dir='ltr'>specunia</span> <span class='ocrx_word' id='word_1_337' title='bbox 928 3996 1035 4057; x_wconf 79' lang='grc' dir='ltr'><strong><em>φαίνειν</em></strong></span> <span class='ocrx_word' id='word_1_338' title='bbox 1051 3996 1089 4044; x_wconf 87' lang='lat' dir='ltr'>sic</span> <span class='ocrx_word' id='word_1_339' title='bbox 1106 3995 1208 4045; x_wconf 91' lang='lat' dir='ltr'>dicitur.</span> 
     </span>
     <span class='ocr_line' id='line_1_42' title="bbox 394 4061 1403 4127; baseline 0.002 -16"><span class='ocrx_word' id='word_1_340' title='bbox 394 4067 494 4112; x_wconf 87' lang='lat' dir='ltr'>tantum</span> <span class='ocrx_word' id='word_1_341' title='bbox 529 4063 665 4112; x_wconf 84' lang='lat' dir='ltr'>multatum</span> <span class='ocrx_word' id='word_1_342' title='bbox 703 4078 759 4112; x_wconf 89' lang='lat' dir='ltr'>esse</span> <span class='ocrx_word' id='word_1_343' title='bbox 798 4070 875 4127; x_wconf 91' lang='lat' dir='ltr'>atque</span> <span class='ocrx_word' id='word_1_344' title='bbox 959 4064 988 4110; x_wconf 91' lang='grc' dir='ltr'>Β.</span> <span class='ocrx_word' id='word_1_345' title='bbox 1042 4063 1094 4111; x_wconf 81' lang='grc' dir='ltr'>ίνα</span> <span class='ocrx_word' id='word_1_346' title='bbox 1126 4077 1176 4112; x_wconf 82' lang='grc' dir='ltr'>σοι</span> <span class='ocrx_word' id='word_1_347' title='bbox 1207 4061 1403 4127; x_wconf 81' lang='grc' dir='ltr'><strong><em>χαρίσωμαι]</em></strong></span> 
     </span>
     <span class='ocr_line' id='line_1_43' title="bbox 394 4127 1408 4198; baseline -0.001 -19"><span class='ocrx_word' id='word_1_348' title='bbox 394 4137 452 4195; x_wconf 90' lang='lat' dir='ltr'>post</span> <span class='ocrx_word' id='word_1_349' title='bbox 475 4130 609 4196; x_wconf 77' lang='lat' dir='ltr'>peculatus</span> <span class='ocrx_word' id='word_1_350' title='bbox 632 4130 825 4181; x_wconf 87' lang='lat' dir='ltr'>damnationem</span> <span class='ocrx_word' id='word_1_351' title='bbox 847 4133 875 4181; x_wconf 90' lang='lat' dir='ltr'>in</span> <span class='ocrx_word' id='word_1_352' title='bbox 927 4130 1011 4195; x_wconf 82' lang='lat' dir='ltr'>Supra</span> <span class='ocrx_word' id='word_1_353' title='bbox 1029 4146 1054 4194; x_wconf 91' lang='lat' dir='ltr'>p.</span> <span class='ocrx_word' id='word_1_354' title='bbox 1071 4129 1130 4183; x_wconf 78' lang='lat'>514.</span> <span class='ocrx_word' id='word_1_355' title='bbox 1147 4131 1186 4179; x_wconf 77' lang='lat' dir='ltr'>A:</span> <span class='ocrx_word' id='word_1_356' title='bbox 1214 4127 1294 4180; x_wconf 84' lang='grc' dir='ltr'><strong><em>Πάνυ</em></strong></span> <span class='ocrx_word' id='word_1_357' title='bbox 1317 4148 1361 4198; x_wconf 74' lang='grc' dir='ltr'>γε,</span> <span class='ocrx_word' id='word_1_358' title='bbox 1383 4130 1408 4180; x_wconf 78' lang='grc' dir='ltr'><strong><em>α’</em></strong></span> 
     </span>
     <span class='ocr_line' id='line_1_44' title="bbox 393 4195 1404 4263; baseline -0.001 -16"><span class='ocrx_word' id='word_1_359' title='bbox 393 4200 503 4262; x_wconf 83' lang='lat' dir='ltr'>gretiam</span> <span class='ocrx_word' id='word_1_360' title='bbox 521 4215 580 4248; x_wconf 91' lang='lat' dir='ltr'>cum</span> <span class='ocrx_word' id='word_1_361' title='bbox 597 4199 801 4249; x_wconf 87' lang='lat' dir='ltr'>Atheniensibus</span> <span class='ocrx_word' id='word_1_362' title='bbox 819 4199 895 4250; x_wconf 80' lang='lat' dir='ltr'>red.</span> <span class='ocrx_word' id='word_1_363' title='bbox 928 4213 969 4247; x_wconf 86' lang='grc' dir='ltr'>σοι</span> <span class='ocrx_word' id='word_1_364' title='bbox 990 4195 1074 4263; x_wconf 81' lang='grc' dir='ltr'><strong><em>ἥδιον.</em></strong></span> <span class='ocrx_word' id='word_1_365' title='bbox 1109 4195 1224 4247; x_wconf 89' lang='lat' dir='ltr'>Verbum</span> <span class='ocrx_word' id='word_1_366' title='bbox 1243 4200 1404 4262; x_wconf 75' lang='grc' dir='ltr'><strong><em>χαρίζεσθαι,</em></strong></span> 
     </span>
     <span class='ocr_line' id='line_1_45' title="bbox 393 4266 1405 4333; baseline 0.001 -19"><span class='ocrx_word' id='word_1_367' title='bbox 393 4267 462 4316; x_wconf 86' lang='lat' dir='ltr'>iisse.</span> <span class='ocrx_word' id='word_1_368' title='bbox 494 4268 535 4317; x_wconf 93' lang='lat' dir='ltr'>De</span> <span class='ocrx_word' id='word_1_369' title='bbox 552 4268 665 4317; x_wconf 62' lang='lat' dir='ltr'>Periclis.</span> <span class='ocrx_word' id='word_1_370' title='bbox 680 4269 829 4333; x_wconf 82' lang='lat' dir='ltr'>integritate</span> <span class='ocrx_word' id='word_1_371' title='bbox 850 4284 875 4320; x_wconf 89' lang='lat' dir='ltr'>v.</span> <span class='ocrx_word' id='word_1_372' title='bbox 925 4266 975 4316; x_wconf 90' lang='lat' dir='ltr'>hoc</span> <span class='ocrx_word' id='word_1_373' title='bbox 988 4266 1017 4315; x_wconf 93' lang='lat' dir='ltr'>in</span> <span class='ocrx_word' id='word_1_374' title='bbox 1027 4281 1122 4331; x_wconf 80' lang='lat' dir='ltr'>genere</span> <span class='ocrx_word' id='word_1_375' title='bbox 1133 4266 1255 4330; x_wconf 83' lang='lat' dir='ltr'>frequens</span> <span class='ocrx_word' id='word_1_376' title='bbox 1270 4267 1340 4332; x_wconf 90' lang='lat' dir='ltr'>apud</span> <span class='ocrx_word' id='word_1_377' title='bbox 1351 4266 1405 4317; x_wconf 89' lang='lat' dir='ltr'>Pla·</span> 
     </span>
     <span class='ocr_line' id='line_1_46' title="bbox 395 4333 1404 4400; baseline 0.003 -18"><span class='ocrx_word' id='word_1_378' title='bbox 395 4333 687 4400; x_wconf 68' lang='lat' dir='ltr'>Thucyd.11,bst65.</span> <span class='ocrx_word' id='word_1_379' title='bbox 704 4336 874 4391; x_wconf 78' lang='lat' dir='ltr'>Plutarch.</span> <span class='ocrx_word' id='word_1_380' title='bbox 925 4341 1025 4396; x_wconf 77' lang='lat' dir='ltr'>ionem,</span> <span class='ocrx_word' id='word_1_381' title='bbox 1049 4334 1123 4383; x_wconf 87' lang='lat' dir='ltr'>docte</span> <span class='ocrx_word' id='word_1_382' title='bbox 1144 4333 1289 4385; x_wconf 84' lang='lat' dir='ltr'>illustravit</span> <span class='ocrx_word' id='word_1_383' title='bbox 1305 4335 1404 4385; x_wconf 82' lang='lat' dir='ltr'>Ruhu·</span> 
     </span>
     <span class='ocr_line' id='line_1_47' title="bbox 393 4399 1314 4468; baseline 0.002 -17"><span class='ocrx_word' id='word_1_384' title='bbox 393 4400 445 4456; x_wconf 84' lang='lat' dir='ltr'>Vit.</span> <span class='ocrx_word' id='word_1_385' title='bbox 463 4402 550 4455; x_wconf 85' lang='lat' dir='ltr'>Pericl</span> <span class='ocrx_word' id='word_1_386' title='bbox 925 4403 995 4454; x_wconf 85' lang='lat' dir='ltr'>ken.</span> <span class='ocrx_word' id='word_1_387' title='bbox 1012 4401 1046 4452; x_wconf 87' lang='lat' dir='ltr'>ad</span> <span class='ocrx_word' id='word_1_388' title='bbox 1063 4403 1129 4453; x_wconf 82' lang='lat' dir='ltr'>Tim.</span> <span class='ocrx_word' id='word_1_389' title='bbox 1147 4417 1173 4467; x_wconf 92' lang='lat' dir='ltr'>p.</span> <span class='ocrx_word' id='word_1_390' title='bbox 1190 4399 1243 4455; x_wconf 76' lang='lat'>274</span> <span class='ocrx_word' id='word_1_391' title='bbox 1259 4418 1314 4468; x_wconf 83' lang='lat' dir='ltr'>seq.</span> 
     </span>
    </p>
   </div>
   <div class='ocr_carea' id='block_1_5' title="bbox 0 0 1626 5259">
    <p class='ocr_par' dir='ltr' id='par_1_9' title="bbox 0 0 1626 5259">
     <span class='ocr_line' id='line_1_48' title="bbox 0 0 1626 5259; baseline 0 0"><span class='ocrx_word' id='word_1_392' title='bbox 0 0 1626 5259; x_wconf 95' lang='lat' dir='ltr'> </span> 
     </span>
    </p>
   </div>
  </div>
 </body>
</html>
