3242 5259
277 607 317 660 24
634 595 934 656 PROLEGOMENA

280 789 343 828 esse
357 768 560 828 evinctus-2
571 767 663 825 Docet
683 765 760 823 enim
776 765 908 824 Socrates
922 766 999 823 bona
1013 769 1045 823 et
1057 765 1135 822 mala
1147 785 1298 843 nunquam

280 854 367 914 simul
388 853 498 923 amitti,
527 853 578 909 sed
605 852 872 926 alterumsemper
892 849 1013 908 alterius
1033 849 1130 908 locum
1149 870 1297 926 occupare.

281 940 380 1012 Longe
402 938 488 995 aliam
508 943 606 995 autem
628 955 691 994 esse
712 934 855 993 rationem
881 935 923 994 ait
943 935 1049 993 doloris
1071 941 1102 994 et
1121 937 1297 1011 voluptatis:

281 1025 357 1081 hano
385 1023 463 1080 enim
490 1040 550 1079 una
579 1040 644 1078 cum
671 1021 721 1078 illo
742 1039 828 1095 saepe
857 1019 936 1077 finiri
958 1039 1017 1076 uno
1045 1021 1203 1098 eodemque
1225 1026 1298 1078 tem·

281 1128 349 1184 pore
385 1126 479 1184 neque
514 1105 623 1164 diutius
652 1125 686 1163 ec
721 1103 869 1176 sentiffl).
920 1102 1003 1165 Quae
1030 1123 1077 1162 res
1105 1116 1162 1182 quc
1192 1104 1298 1164 clarius

280 1191 475 1265 intelligatur,
504 1210 595 1268 quum
624 1191 680 1248 alia
708 1189 794 1247 affert
821 1189 853 1245 in
880 1190 1023 1260 medium,
1051 1195 1115 1248 tum
1135 1189 1298 1248 sitientium

282 1276 500 1354 bibentiumque
522 1274 687 1351 exemplum
714 1278 924 1332 commemorat.
968 1274 1031 1332 Hos
1058 1274 1135 1332 enim
1156 1275 1199 1333 ait
1219 1276 1298 1334 sitim

282 1368 371 1440 atque
398 1361 578 1436 voluptatem
607 1360 731 1418 bibendo
760 1362 926 1434 perceptam
954 1358 1042 1416 simul
1069 1359 1216 1418 amittere:
1248 1360 1299 1418 siti

282 1447 360 1505 enim
387 1445 526 1504 restincta
562 1444 649 1503 etiam
683 1443 801 1502 bibendi
829 1442 1040 1502 iucunditatem
1072 1443 1159 1501 finiri.
1216 1442 1299 1505 Quae

282 1532 400 1609 quidem
421 1530 517 1587 omnia
545 1550 635 1607 quum
662 1529 705 1587 ita
733 1533 898 1603 comparata
925 1528 998 1599 sint,
1027 1531 1062 1585 ut
1090 1527 1245 1586 aCallicle
1267 1530 1299 1586 in

283 1615 404 1674 dubium
425 1614 522 1674 vocari
544 1633 603 1672 non
617 1612 790 1691 queantur),
814 1613 953 1684 Socrates,
975 1618 1010 1670 ut
1028 1613 1202 1672 sententiam
1216 1633 1299 1672 suam
1321 1669 1324 1674 .

282 1700 374 1774 magis
396 1700 485 1758 etiam
507 1699 663 1769 confirmet,
686 1699 722 1755 ad
738 1703 875 1776 quartum
889 1698 1073 1773 progreditur
1087 1704 1302 1772 argumentum,

283 1804 340 1862 quo
368 1785 438 1842 boni
466 1790 496 1842 et
524 1783 643 1840 iucundi
678 1787 814 1840 naturam
843 1782 987 1842 diversam
1021 1802 1085 1840 esse
1111 1784 1298 1845 demonstret.

284 1871 316 1927 P.
340 1870 408 1926 497.
432 1872 468 1926 A.
491 1901 533 1910 -
554 1869 589 1925 D.
632 1867 747 1925 Accidit
767 1887 988 1942 saepenumero,
1016 1867 1129 1944 inquit,
1150 1873 1185 1927 ut
1205 1869 1299 1926 malus

284 1954 376 2028 magis
397 1955 444 2012 vel
465 1954 590 2026 gaudeat
610 1952 659 2011 vel
674 1954 770 2010 doleat
791 1971 877 2029 quam
899 1954 993 2010 bonus
1015 1958 1045 2010 et
1058 1948 1208 2011 honestus.
1230 1955 1299 2012 Vel-

283 2038 329 2096 uti
354 2037 473 2097 timidus
503 2043 589 2114 atque
616 2037 739 2110 ignavus
767 2036 901 2095 hostibus
928 2037 1226 2114 appropinquantibus
1252 2039 1301 2097 vel

284 2122 497 2181 discedentibus
525 2123 617 2180 multo
645 2121 847 2182 vehementius
876 2121 992 2196 angitur
1020 2127 1079 2201 aut·
1099 2123 1226 2181 laetatur
1256 2142 1299 2194 eo,

285 2208 336 2284 qui
358 2213 403 2265 est
424 2213 560 2265 strenuus
589 2225 622 2263 ac
642 2207 733 2264 fortis.
778 2206 808 2264 si
831 2205 922 2280 igitur
948 2206 1107 2264 iucundum
1135 2213 1165 2265 et
1189 2210 1301 2267 bonum

234 2314 238 2318 ’
285 2298 362 2350 esset
382 2312 474 2350 unum
487 2292 630 2368 idemque,
652 2296 823 2369 sequeretur
837 2291 934 2362 etiam,
956 2296 990 2349 ut
1010 2292 1113 2363 malus,
1135 2292 1205 2370 quia
1225 2295 1300 2351 bono

284 2377 487 2436 vehementius
508 2378 615 2450 gaudet
633 2382 667 2434 et
685 2376 751 2450 plus
772 2375 896 2451 percipit
915 2376 1084 2451 voluptatis,
1105 2377 1206 2434 mehor
1224 2379 1300 2435 bono

284 2481 490 2537 saepenumero
511 2460 681 2519 iudicandus
703 2465 787 2518 esset.
831 2458 897 2522 Qua
916 2461 1030 2520 ratione
1050 2480 1134 2518 nemo
1161 2466 1207 2519 est
1228 2463 1301 2538 quin

284 2547 383 2619 videat
396 2567 510 2604 omnem
531 2545 595 2604 tolli
609 2545 771 2604 honestatis
785 2545 1003 2624 voluptatisque
1017 2545 1214 2604 diversitatem
1221 2545 1300 2618 m).

284 2633 539 2689 1149111.-
568 2636 638 2688 499.
661 2633 696 2687 A.
726 2662 769 2670 -
797 2630 873 2686 Tum
901 2650 971 2689 vero
1000 2630 1145 2700 Callicles,
1175 2649 1300 2687 errorem

285 2735 370 2773 suum
392 2715 494 2772 callide
515 2715 714 2785 dissimulans,
744 2715 873 2772 Putasne
894 2720 943 2785 tu,
967 2734 983 2772 ο
1005 2717 1099 2786 bone,
1114 2713 1224 2791 inquit,
1254 2735 1301 2772 me

286 2804 337 2857 aut
365 2799 497 2875 quemvis
526 2798 616 2855 alium
650 2798 797 2856 hominem
830 2819 889 2856 non
917 2798 1084 2857 existimare
1119 2799 1190 2856 alias
1218 2800 1301 2857 volu-

285 2889 381 2958 ptates
402 2902 464 2940 esse
485 2883 633 2952 meliores,
663 2883 734 2940 alias
763 2883 894 2958 peiores?
922 2882 988 2946 Qua
1009 2882 1134 2940 hominis
1156 2884 1303 2942 sententia

286 2970 468 3043 comprobata
491 2967 621 3047 Socrates
644 2967 747 3025 deinde
769 2968 960 3044 subtilissima
981 2968 1231 3043 argmnentatione
1254 2970 1302 3026 de-

247 3087 256 3094 ·
285 3057 427 3111 monstrat
447 3053 641 3109 humanarum
662 3052 808 3110 actionum
829 3054 917 3111 finem
938 3073 997 3111 non
1019 3055 1055 3111 ad
1076 3052 1150 3110 illud
1164 3059 1302 3128 spectare,

286 3138 363 3214 quod
390 3137 548 3194 iucundum
577 3138 769 3212 appellemus,
799 3140 850 3196 sed
879 3138 964 3196 unice
992 3139 1030 3196 ad
1051 3139 1165 3196 'bonum
1192 3139 1301 3196 referri.

279 3219 383 3282 Quum
411 3241 449 3278 ex
477 3226 530 3279 tua
556 3221 647 3297 ipsius
677 3222 837 3294 sententia,
873 3223 985 3300 inquit,
1014 3223 1200 3298 voluptatum
1229 3223 1303 3281 aliae

285 3308 385 3378 bonae,
409 3305 482 3363 aliae
505 3306 596 3363 malae
617 3307 685 3377 sint,
714 3307 782 3364 illae
804 3312 903 3365 autem
923 3307 1026 3378 utiles,
1054 3308 1110 3365 hae
1131 3303 1251 3365 inutiles
1274 3313 1304 3366 et

285 3390 389 3448 noxiae
410 3390 513 3463 merito
534 3392 712 3462 habeantur,
736 3391 876 3468 sequitur,
898 3397 934 3451 ut
950 3392 1007 3449 hae
1023 3394 1219 3467 aspernandae
1235 3393 1302 3462 sint,

285 3475 352 3534 illae
373 3496 442 3535 vero
463 3475 548 3532 unice
569 3476 757 3551 expetendae.
800 3476 906 3553 Itaque
935 3481 1050 3535 tantm
1071 3479 1167 3549 abest,
1197 3484 1232 3535 ut
1252 3497 1303 3547 vo-

285 3560 406 3634 luptatis
422 3579 523 3618 caussa
537 3560 696 3638 quidquam
710 3559 859 3631 faciamus,
880 3559 980 3618 utilia
993 3560 1064 3635 ipsa,
1087 3581 1162 3638 quae
1176 3560 1303 3619 iucunda

286 3649 368 3713 sunt,
398 3646 538 3703 bonorum
560 3645 655 3718 gratia
676 3645 809 3718 eligenda
830 3650 861 3702 et
882 3646 1047 3719 expetenda
1067 3645 1237 3717 videantur,
1267 3648 1302 3703 de

286 3747 345 3805 qua
365 3747 396 3784 re
419 3728 507 3786 etiam
528 3729 630 3786 Polum
659 3729 866 3788 assentientem
892 3727 1029 3804 habeat).
1058 3731 1090 3787 P.
1115 3737 1184 3787 499.
1207 3732 1239 3788 B.
1262 3763 1304 3772 -

288 3818 357 3870 500.
366 3814 401 3869 A.
410 3812 609 3872 -Transfert
624 3820 722 3873 autem
742 3816 815 3872 haec
829 3815 865 3872 ad
881 3820 973 3873 artem
987 3814 1142 3873 oratoriam
1164 3816 1309 3893 docetque.

287 3896 462 3967 accuratius,
486 3915 537 3953 cur
556 3898 699 3955 rhetorice
719 3899 750 3956 in
773 3900 969 3974 superioribus
991 3901 1027 3958 ab
1051 3899 1217 3958 adulatione
1238 3921 1303 3976 prc-

427 4056 489 4066 ...ᾳ-

337 4144 368 4242 :p
382 4143 455 4194 Conf.
473 4140 605 4195 Phaedon.
623 4158 649 4206 p.
667 4141 707 4223 bl).
725 4145 754 4197 B.
774 4143 802 4197 Ο.
821 4147 854 4198 Ι),
888 4214 894 4226 .

338 4211 1210 4345 11111111111111111111.11111-1

337 4347 364 4408 †)
383 4348 423 4396 De
440 4347 502 4397 boni
519 4353 546 4396 et
561 4347 669 4398 iucundi
687 4347 836 4399 discrimine
853 4365 877 4401 v.
896 4355 998 4414 praeter
1015 4366 1059 4414 ea,
1087 4365 1154 4416 quas
1171 4349 1248 4399 modo
1266 4351 1305 4399 in-

288 4409 437 4477 dicavimus,
455 4413 556 4468 Phileb.
574 4430 599 4486 p.
618 4414 657 4476 12,
677 4417 705 4467 C.
724 4431 795 4482 seqq.
