3242 5259
391 599 430 652 66
747 591 1046 651 PROLEGOMENA

392 762 486 821 hiberi
506 761 688 820 consuevisse
715 764 764 820 vel
785 782 861 820 unus
881 763 961 820 locus
982 762 1094 834 Legum
1115 761 1190 819 Plat.
1205 760 1263 817 HI.
1285 779 1313 836 p.
1335 760 1406 819 677.

394 847 424 904 C.
446 847 481 903 D.
503 847 665 904 luculenter
685 846 802 907 evincit.
833 847 890 905 sed
911 847 984 904 haec
1004 848 1040 903 de
1061 846 1214 904 Archelao.
1249 846 1315 901 Iam
1336 864 1407 903 vero

393 951 447 989 nec
466 931 539 988 illud
560 951 578 988 a
598 936 697 990 nostra
717 932 829 990 ratione
851 932 995 1002 abhorret,
1016 932 1093 1008 quod
1114 930 1243 1005 Antiopa
1256 929 1408 1004 Euripidis

391 1015 559 1074 idemtidem
584 1021 773 1075 memoratur.
818 1014 927 1079 Quidni
955 1015 1034 1074 enim
1060 1015 1091 1073 id
1120 1013 1262 1092 colloquio
1291 1014 1406 1091 Olymp.

395 1106 449 1172 93,
473 1106 500 1158 4.
529 1100 629 1159 habito
650 1102 797 1177 aptissime
818 1102 928 1159 factum
954 1104 1089 1176 putetur,
1118 1099 1288 1175 pracsertim
1316 1119 1408 1176 quum

392 1184 562 1260 Euripidem
590 1205 655 1242 eum
684 1191 800 1262 poetam
826 1185 916 1244 fuisse
944 1190 1070 1256 constet,
1099 1185 1151 1262 qui
1171 1184 1300 1244 novitiae
1322 1183 1407 1241 disci-

391 1269 488 1344 plinae
517 1271 739 1328 assectatoribus
767 1270 907 1346 imprimis
940 1275 1040 1344 gratus
1069 1273 1099 1327 et
1128 1274 1262 1345 acceptus
1297 1267 1406 1326 fuerit?

393 1355 454 1411 Nec
474 1374 543 1414 vero
564 1354 638 1412 illud
658 1355 825 1430 scrupulum
845 1354 953 1427 imisit,
982 1355 1059 1432 quod
1080 1354 1206 1412 Pericles
1228 1373 1256 1428 p.
1281 1358 1352 1410 503.
1373 1354 1405 1411 C.

393 1438 500 1497 dicitur
520 1438 627 1498 νεωστὶ
652 1435 895 1518 τετελευτηκέναι.
937 1438 1022 1502 Quod
1048 1438 1162 1497 etiamsi
1190 1437 1283 1513 prima
1311 1438 1407 1512 specie

393 1543 494 1580 eorum
514 1523 619 1581 rationi
641 1524 776 1600 opitulari
803 1524 952 1595 videatur,
983 1523 1034 1601 qui
1061 1542 1207 1582 sermones
1228 1522 1313 1580 initio
1335 1522 1405 1580 belli
1466 1586 1470 1594 .

393 1607 628 1682 Peloponnesiaci
647 1609 762 1667 habitos
783 1628 846 1666 esse
866 1609 1078 1679 iudicavenmt,
1098 1613 1197 1666 tamen
1217 1606 1336 1664 minime
1356 1609 1405 1665 ob

393 1697 453 1751 stat
480 1693 642 1751 sententiae
670 1685 845 1764 contrariae,
881 1712 969 1771 quam
1001 1712 1054 1750 nos
1082 1692 1311 1767 amplectandam
1340 1710 1405 1749 oen·
1448 1746 1454 1757 ,

393 1794 505 1848 semus,
534 1782 569 1835 ut
595 1796 649 1835 nec
676 1779 900 1836 Athenaeus
929 1777 1122 1852 Deipnosoph.
1145 1776 1180 1835 V.
1203 1796 1230 1851 p.
1254 1777 1324 1833 217.
1355 1795 1405 1833 au·

394 1860 516 1919 diendus
544 1861 596 1933 sit,
625 1861 676 1939 qui
703 1882 784 1920 more
813 1882 865 1920 suo
893 1861 987 1920 acrius
1014 1862 1047 1918 in
1068 1862 1219 1919 Platonem
1246 1859 1406 1932 invehitur,

394 1947 470 2022 quod
498 1945 545 2002 hic
573 1945 784 2005 intolerabilem
819 1947 967 2005 admiserit
994 1945 1260 2016 anachronismum,
1297 1945 1405 2022 quippe

393 2049 484 2106 quum
512 2030 589 2088 inter
615 2036 737 2090 mortem
764 2031 884 2090 Periclis
912 2036 942 2090 et
970 2030 1093 2104 Gorgiae
1122 2030 1269 2104 dialogum
1297 2023 1426 2103 viginti'

392 2115 481 2171 trium
501 2116 592 2173 ferme
614 2135 756 2174 annorum
784 2116 911 2191 spatium
930 2115 1133 2174 intercesserit.
1185 2115 1307 2173 Constat
1328 2114 1405 2172 enim

393 2199 533 2257 eiusmodi
553 2200 690 2275 temporis
712 2201 849 2258 adverbia
876 2201 1031 2258 admodum
1057 2199 1171 2258 infinite
1198 2199 1334 2274 usurpari
1361 2219 1405 2257 so-

393 2282 460 2355 lere,
483 2288 518 2342 ut
537 2284 621 2341 modo
643 2285 678 2342 de
699 2284 837 2358 longiore,
858 2286 943 2343 modo
960 2286 995 2342 de
1009 2284 1141 2343 breviore
1155 2283 1292 2359 temporis
1313 2284 1406 2359 spatio

393 2368 581 2442 intelligenda
602 2368 674 2441 sint,
701 2369 799 2444 prouti
820 2368 866 2441 id,
893 2371 929 2427 de
952 2389 1009 2447 quo
1031 2369 1142 2442 agium,
1171 2387 1237 2425 cum
1256 2369 1403 2444 praesenti

391 2473 489 2512 rerum
509 2453 646 2511 memoria
667 2458 856 2529 comparatur.
898 2455 935 2511 Id
955 2455 1033 2532 quod
1054 2454 1102 2511 vel
1123 2452 1262 2511 Latinum
1279 2454 1403 2528 nuper

392 2544 422 2595 et
443 2538 546 2595 modo
568 2539 658 2610 docet,
680 2539 715 2596 de
737 2558 795 2616 quo
816 2538 930 2597 iuvabit
950 2537 1128 2596 consuluisse
1148 2539 1173 2596 I.
1193 2541 1230 2596 A.
1252 2536 1401 2596 Ernesti

392 2623 510 2682 Clavem
531 2623 746 2680 Ciceronianam
765 2644 787 2680 s.
802 2644 831 2682 v.
853 2624 898 2680 De
920 2620 1030 2682 νεωστί
1047 2642 1116 2681 vero
1137 2623 1180 2681 ita
1200 2627 1341 2698 usurpato
1363 2641 1400 2679 ne

392 2725 451 2783 qua
465 2707 589 2777 dubites,
610 2727 680 2765 usus
696 2714 741 2766 cst
762 2708 862 2765 eodem
876 2708 1017 2766 vocabulo
1038 2705 1285 2784 Thucydides
1306 2707 1403 2764 LibI.

393 2809 453 2865 cap.
477 2796 525 2847 95.
554 2792 590 2847 de
618 2792 712 2867 spatio
734 2791 840 2864 viginti
866 2793 957 2850 ferme
986 2811 1142 2864 annorum,
1171 2791 1404 2869 quandoquidem

391 2876 477 2931 Iones
499 2873 540 2932 ibi
561 2875 705 2945 dicuntur,
727 2895 819 2954 quum
845 2896 1006 2952 nupera
1032 2896 1100 2950 rege
1122 2876 1309 2948 defecissent,
1330 2877 1404 2934 Pau·

391 2959 490 3016 sanias
512 2960 706 3032 arrogantiam
734 2979 819 3034 aegre
847 2961 965 3020 tulisse:
996 2963 1032 3019 ed
1060 2981 1147 3039 quem
1166 2961 1262 3018 locum
1288 2965 1403 3035 praeter

392 3042 463 3100 alios
483 3044 568 3118 plura
588 3044 618 3101 id
646 3064 738 3118 genus
769 3046 902 3121 exempla
932 3046 1083 3105 adnotavit
1110 3045 1307 3117 Gbllerus3
1330 3045 1402 3103 conf.

391 3127 479 3185 etiam
501 3128 707 3187 Casaubon.
730 3131 767 3187 ad
787 3132 896 3188 Athen.
918 3152 945 3206 p.
969 3136 1038 3194 3784.
1059 3151 1099 3181 =
1113 3131 1193 3188 Pom.
1208 3131 1266 3187 ΠΙ.
1288 3150 1317 3204 p.
1333 3134 1402 3188 234.

391 3212 435 3268 ed.
459 3212 620 3286 Schweigh.
664 3215 768 3291 Itaque
791 3216 872 3272 nullo
894 3216 1010 3289 negotio
1031 3214 1206 3289 intelligitur
1225 3233 1263 3272 ne
1284 3214 1403 3272 Periclis

381 3296 507 3373 'quidem
534 3298 711 3356 mentionem
740 3319 773 3356 eo
801 3301 914 3370 valere,
945 3304 980 3357 ut
1007 3319 1152 3358 sermones
1179 3299 1312 3374 proxime
1340 3303 1404 3375 post

391 3381 504 3457 Olymp.
529 3387 576 3454 88,
601 3388 627 3440 2.
650 3403 798 3458 ponamus.
835 3385 937 3461 Neque
958 3404 1028 3443 vero
1050 3383 1134 3442 aliter
1152 3383 1341 3441 iudicandum
1361 3383 1403 3443 vi·

389 3467 474 3548 detrrr
495 3467 530 3523 de
550 3467 594 3538 iis,
617 3487 695 3544 quae
712 3489 739 3543 p.
763 3470 832 3526 472.
856 3471 892 3525 A.
915 3469 950 3526 de
973 3468 1057 3526 Nicia
1085 3473 1115 3527 et
1135 3467 1315 3527 Aristocrate
1341 3487 1404 3543 per·

389 3551 496 3625 scripta
509 3545 662 3624 leguntur.
705 3551 802 3614 Quum
832 3553 910 3610 enim
937 3553 981 3610 illi
1009 3553 1103 3629 prima
1130 3553 1234 3628 specie·
1246 3552 1401 3611 videantur

388 3639 423 3692 ut
442 3635 504 3693 vivi
525 3637 692 3709 memorari,
721 3639 798 3714 quod
827 3657 896 3697 sane
924 3642 1068 3713 pugnaret
1096 3657 1162 3695 cum
1181 3642 1326 3712 tempore,
1356 3637 1402 3694 cui

388 3718 511 3792 Gorgiae
540 3739 685 3778 sermones
715 3722 903 3796 assignandos
929 3723 1118 3793 arbitramur,
1146 3725 1245 3781 tamen
1266 3721 1403 3782 universo

386 3803 448 3860 loco
470 3804 632 3864 accuratius
653 3824 773 3865 excusso
801 3827 864 3864 rem
885 3806 970 3865 aliter
998 3827 1029 3864 se
1057 3807 1164 3864 habere
1185 3809 1288 3883 sponte
1316 3825 1403 3881 appa·
1432 3813 1435 3819 '

387 3887 470 3946 rebit.
528 3887 641 3965 Quippe
669 3910 721 3948 nos
751 3892 868 3968 quidem
904 3892 930 3949 si
964 3891 1034 3968 quid
1071 3891 1200 3949 iudicare
1240 3909 1403 3966 possumus,

387 3972 532 4031 sententia
560 3974 639 4032 illius
659 3975 719 4032 foro
749 3976 806 4033 huc
826 3975 917 4035 redit:
946 3977 984 4032 In
1011 3975 1065 4034 tali
1094 3994 1210 4047 caussa,
1239 3994 1316 4052 quae
1343 3994 1404 4033 una

386 4063 465 4114 recta
485 4059 597 4116 ratione
611 4059 795 4118 diiudicanda
809 4066 862 4132 est,
884 4066 974 4119 testes
995 4060 1123 4135 proferre
1136 4060 1213 4119 velle
1233 4076 1405 4136 perversum

385 4141 516 4213 videtur,
546 4143 688 4220 siquidem
717 4144 760 4201 illi
783 4164 882 4203 omnes
902 4145 1115 4221 praeiudicatae
1139 4143 1283 4221 opinionis
1305 4162 1403 4204 errore

386 4227 516 4300 occupati
538 4247 600 4285 osse
621 4233 751 4303 possunt.
794 4230 899 4307 Itaque
921 4231 997 4307 quod
1018 4234 1053 4288 tu
1074 4248 1230 4301 oenses,-o
1251 4228 1336 4302 Pole,
1358 4228 1402 4287 dib

385 4309 473 4366 vitias
494 4316 581 4388 atquc
602 4333 670 4387 opcs
691 4313 722 4369 in
744 4314 873 4371 maxima
892 4314 1040 4372 felicitatis
1061 4318 1144 4389 parte
1164 4332 1228 4374 esse
1242 4314 1400 4389 mensu,

384 4391 414 4448 id
436 4414 504 4450 veno
518 4397 672 4454 testabitur
685 4398 783 4455 Nicias
798 4418 858 4455 una
879 4417 944 4455 cum
963 4398 1102 4457 fratribus
1116 4396 1185 4470 suis,
1208 4397 1401 4476 quitripod'u
