3242 5259
561 598 743 660 GORGIAS.
765 599 798 657 P.
822 603 892 657 509.
914 598 959 656 ed
983 598 1025 657 st.
1230 601 1290 654 285

277 764 418 863 βιηθεῖν
443 762 497 827 καὶ
527 763 661 845 αἰσχύνη
688 769 747 825 τοῦ
776 762 829 842 μή.
852 747 916 839 ἀρα
936 763 1038 833 ἄλλως
1057 758 1078 840 ή
1099 756 1201 833 οὕτως
1220 754 1293 840 ἔχει,

279 863 305 923 ὠ
329 862 533 937 Καλλίκλειςς
570 862 673 923 ΚΑΛ.
697 859 766 922 Οὐκ
786 862 900 932 ἄλλως.

344 960 423 1047 Gap.
447 961 552 1026 LXV.
596 959 672 1020 Eae.
705 960 814 1019 Λνοῖν
842 950 903 1019 οὖν
932 958 1060 1030 ὄντοιν,
1089 959 1149 1016 τοῦ
1171 953 1293 1016 ἀδικεῖν

277 1081 311 1123 τε
333 1059 386 1125 καὶ
407 1061 606 1133 ἀδικεῖσθαι,
634 1061 743 1140 μεῖζον
769 1057 828 1138 μέν
856 1079 962 1140 φαμεν
983 1055 1084 1120 κακὸν
1104 1055 1140 1118 ιδ
1161 1056 1294 1131 ἀδικεῖν,

279 1154 414 1221 ἔλαττον
441 1158 475 1222 δὲ
504 1155 541 1221 ιδ
562 1157 751 1221 ἀδικεῖσθαι.
774 1157 804 1218 τί
825 1150 887 1220 οὖν
907 1155 948 1218 ἀν
969 1155 1294 1234 καρασκενασάμενος

277 1260 457 1334 ἄνθρωπος
485 1257 675 1338 βοηθήσειεν
705 1254 808 1337 αὐτῷ,
839 1248 914 1326 ὥςιε
934 1250 1117 1335 ἀμφοτέρας
1137 1251 1193 1325 τὰς
1213 1252 1294 1329 ὠφε-

278 1354 367 1426 λείας
393 1355 510 1428 ταύιας
531 1350 628 1435 ἔχειν,
656 1353 715 1433 τήν
735 1372 767 1412 τε
789 1345 853 1412 ἀπὸ
874 1359 933 1414 τοῦ
953 1349 997 1433 μή
1019 1344 1141 1413 ἀδικεῖν
1161 1347 1214 1412 καὶ
1236 1348 1295 1430 τὴν
1317 1357 1350 1420 D

262 1443 346 1539 Ιἀπὸ
375 1453 434 1514 τοῦ
464 1452 507 1534 μή
529 1447 724 1524 ἀδικεῖσθαι,
751 1449 871 1528 κότερα
892 1449 1049 1529 δύναμιν,
1080 1447 1294 1528 ἢβούλησιν,

281 1535 344 1611 ὧδε
366 1547 515 1630 δὲλέγω·
547 1549 684 1626 κότερον
705 1545 763 1610 ἐὰν
783 1545 826 1628 μή
848 1546 1002 1626 βούληται
1023 1543 1214 1622 ἀδικεῖσθαι,
1236 1546 1296 1608 οὐκ

280 1642 481 1727 ἀδικήσεται,
519 1645 540 1726 ἢ
576 1643 633 1709 ἐὰν
667 1645 806 1726 δύναμιν
844 1644 1123 1724 καρασκενάσηιαι
1158 1647 1218 1707 τοῦ
1252 1642 1295 1725 μή

281 1739 474 1818 ἀδικεῖσθαι,
504 1744 565 1806 οὐκ
584 1739 784 1824 ἀδικήσεται
814 1744 918 1804 ΚΑΛ.
941 1745 1052 1822 Δήλον
1074 1739 1113 1824 δή
1134 1743 1230 1806 τοῦτό
1250 1763 1297 1823 γε,

282 1840 332 1904 ὅτι
362 1839 419 1905 ἐὰν
439 1842 586 1922 δύναμιν.
628 1842 705 1907 ΣΩ.
743 1840 781 1901 Τί
799 1837 833 1902 δὲ
854 1837 893 1920 δή
914 1842 973 1902 τοῦ
993 1833 1132 1916 ἀδικεῖν,
1159 1841 1297 1917 κότερον

282 1937 340 2002 ἐὰν
361 1936 405 2019 μή
426 1939 581 2020 βούληται
602 1932 734 2014 ἀδικεῖν,
764 1935 879 2001 ῖκανδν
899 1937 985 1999 τοῦτ’
1007 1933 1092 2000 ἔστιν
1115 1973 1151 1983 -
1173 1938 1214 2000 ού
1234 1937 1296 2019 γὰρ

281 2031 427 2118 ἀδικήσει
445 2071 492 2110 -,
513 2035 533 2116 ή
548 2033 601 2099 καὶ
615 2031 778 2099 ἐπὶτοῦτο
792 2035 843 2098 δεῖ
861 2034 999 2115 δύναμίν
1019 2056 1091 2097 τινα
1108 2033 1162 2097 καὶ
1182 2033 1297 2116 τέχνην
1318 2035 1347 2099 Ε

281 2132 606 2213 παρασκευάσασθαι,
637 2131 696 2206 ὡς,
725 2130 782 2195 ἐὰν
809 2130 853 2215 μή
874 2135 965 2214 μάθή
986 2130 1068 2195 αὐτὰ
1088 2131 1142 2193 καὶ
1162 2131 1295 2214 ἀσκήσή,

282 2232 443 2312 ἀδικήσει,
471 2232 509 2292 n
530 2232 589 2295 οὐκ
611 2230 689 2293 αὐτό
710 2227 745 2310 κε’
767 2252 823 2312 μοι
842 2241 938 2294 τοῦτο
960 2221 1187 2310 ἀπεκρίνω,,ὦ
1210 2231 1295 2292 Καλ-

283 2331 415 2404 λίκλεις,
453 2329 589 2409 πότερόν
625 2343 678 2393 σοι
711 2327 872 2408 δοκοῦμεν
907 2327 1014 2409 ὀρθῶς
1050 2328 1298 2410 ἀναγκασθῆναι

335 2527 391 2579 τοῦ
413 2524 544 2578 ἀδικεῖν
567 2545 598 2577 τε
621 2529 673 2578 καὶ
697 2524 904 2594 ἀδικεισδαι]
928 2528 1014 2592 Vulgo
1037 2546 1067 2593 γε
1089 2543 1136 2592 pro
1160 2545 1186 2577 ιε
1203 2527 1297 2576 seribe-

283 2599 359 2647 batur
376 2597 467 2646 invitis
484 2595 558 2646 codd.
575 2596 704 2660 plerisque
721 2598 848 2646 omnibus.
883 2596 934 2646 Sed
951 2598 1010 2645 Par.
1027 2598 1058 2646 Ε.
1075 2595 1154 2646 habet
1170 2612 1207 2661 γε.
1234 2597 1297 2645 Mox

283 2665 345 2714 ordo
368 2663 506 2714 verborum
527 2663 609 2743 vulgo
627 2665 677 2713 fnit
698 2665 756 2714 hio:
786 2661 868 2714 κακόν
892 2680 978 2726 φαμεν
1003 2659 1029 2712 ιδ
1054 2659 1169 2720 ἀδικεῖν,
1197 2671 1298 2728 praeter

282 2733 361 2782 fidem
379 2732 453 2782 codd.
470 2733 523 2781 fere
541 2733 662 2781 omnium.
798 2780 801 2785 ,

333 2802 364 2850 Ε.
399 2817 453 2860 μοι
473 2817 566 2850 τουτο
585 2795 770 2864 απεκρινω]
792 2799 824 2848 V.
841 2794 995 2862 ἀπεκρίνον.
1022 2800 1154 2850 Aonstnm
1172 2798 1296 2849 debemus

284 2868 360 2918 Vind.
378 2867 403 2918 6.

283 3053 374 3103 multis
407 3053 473 3102 loeis
508 3056 661 3125 usurpatur,
701 3067 766 3115 quos
817 3067 843 3116 p.
865 3049 923 3101 262.
954 3050 993 3100 ed.
1023 3053 1113 3102 Reisk.
1145 3057 1171 3102 et
1203 3053 1298 3111 Hein-

282 3125 378 3187 partim
403 3120 521 3169 indicant
544 3115 708 3169 Sclhaefer
733 3118 766 3168 ad
818 3119 898 3168 dors.
917 3118 992 3168 adh.
1011 3119 1029 3169 1.

282 3191 358 3238 Dem.
377 3188 435 3252 Ap
437 3188 539 3251 .III.p
541 3184 622 3237 ..295
638 3184 696 3237 337
707 3183 766 3236 491
851 3188 881 3235 Ε.
917 3204 973 3245 ωε,
997 3185 1056 3235 ἐὰν
1079 3185 1117 3253 μή
1144 3183 1298 3267 paors-,-

283 3259 440 3320 Krueger.
458 3254 492 3304 ad
505 3254 624 3318 Thuoyd
641 3255 672 3304 V.
690 3252 766 3316 56,2.
818 3249 985 3318 ἀδικήσει]
1015 3255 1147 3317 quippe,
1174 3256 1242 3303 nisi
1264 3256 1299 3305 il-

283 3324 431 3373 Diserimen
465 3323 584 3387 passivae
615 3328 641 3371 et
669 3292 767 3372 medias
818 3321 881 3370 lam
904 3320 1065 3370 didicerit
1087 3326 1120 3369 et
1145 3336 1300 3371 exercue-

283 3393 383 3442 formae
423 3391 512 3454 utique
549 3396 672 3454 apertum.
716 3390 766 3438 vid.
818 3389 877 3450 rit,
903 3389 1026 3438 iniuste
1050 3388 1162 3437 faciet.
1202 3391 1299 3439 Prono·

283 3459 458 3510 Matthiae.
485 3455 589 3518 5494.
613 3459 645 3507 ΙΙ.
680 3459 766 3508 Rost.
818 3473 876 3506 men
904 3452 969 3504 αὐτα
994 3457 1103 3505 refertur
1129 3456 1163 3504 ad
1186 3454 1300 3516 δύναμιν

284 3530 307 3589 5.
322 3525 416 3578 1141
436 3527 622 3575 Buttmann.
638 3526 661 3585 5
674 3523 767 3576 1233.
819 3521 899 3573 καὶ
873 3539 1006 3587 τεχνην
989 3522 1166 3572 v..adPhaed
1177 3539 1201 3588 p.
1214 3523 1255 3574 88.
1267 3526 1298 3574 A.

284 3623 319 3632 -
348 3611 403 3643 ιον
434 3593 473 3658 μὴ
504 3589 705 3643 ἀδικεῖσθαι.
737 3595 767 3642 Ρ.
819 3592 878 3642 coll.
896 3591 1012 3640 Matth.
1031 3592 1054 3651 5
1072 3588 1130 3640 439.

283 3661 346 3714 457.
356 3661 392 3710 Ει
411 3665 456 3710 τοῦ
472 3659 767 3726 καταφανὲεγειέσθαι,
858 3661 895 3711 Τι’
914 3654 974 3707 οὐκ
998 3656 1077 3708 αὐτό
1100 3657 1136 3724 γε’
1158 3675 1212 3718 μοι
1231 3664 1298 3708 τοῦ·

283 3730 332 3781 nbi
355 3745 380 3779 ι.
403 3735 491 3778 annot.
526 3727 644 3778 Ceterum
665 3729 767 3779 notabis
820 3725 908 3790 ιιι-1
927 3727 1299 3792 Age,hocipsumm1h1

284 3797 465 3880 repetitionem
487 3798 625 3846 verborum
648 3792 697 3846 οδκ
714 3792 768 3846 dte·
819 3795 993 3878 responde,
1011 3794 1196 3844 oCalliole.
1212 3795 1299 3844 Etiam

285 3863 398 3930 κήσεται,
415 3880 482 3928 quae
494 3865 625 3913 tamenin
643 3864 694 3913 hae
711 3881 767 3914 sen·
818 3864 861 3912 hio
886 3858 949 3913 αὐτὸ
972 3867 1046 3912 τοῦτο
1063 3861 1163 3912 indicat
1178 3878 1246 3924 rem,
1271 3863 1299 3911 in

283 3934 424 3983 tentiarum
448 3932 608 3997 oppositione
629 3948 682 3981 non
699 3937 769 3982 earet
820 3933 895 3982 euius
919 3931 1121 3995 investigatione
1146 3930 1226 3979 totins
1249 3929 1300 3979 dis·

284 4003 390 4050 visua.
417 4016 441 4048 v.
463 4000 496 4049 ad
513 3999 603 4064 Lysid.
620 4015 644 4064 p.
662 3997 719 4050 209.
739 4000 768 4049 G.
819 3999 961 4063 putationis
981 3998 1063 4047 veluti
1079 3997 1157 4047 oardo
1174 4004 1300 4060 versatur,

285 4070 385 4119 Criton.
398 4082 423 4131 p.
434 4066 518 4118 544.
535 4068 645 4132 infrap.
663 4065 720 4118 516.
737 4068 767 4117 E.
819 4072 849 4116 ut
858 4064 990 4116 commode
1000 4065 1126 4130 exphoan
1135 4072 1225 4128 quea
1203 4066 1299 4115 thoe

284 4155 309 4203 p.
327 4133 386 4187 522.
402 4136 432 4184 Ε.
821 4135 972 4194 ιιιιιιιῖιιιιι,
999 4133 1057 4182 hoo
1081 4134 1299 4212 potissimum,

322 4204 362 4254 Tc
378 4202 414 4253 δὲ
429 4199 465 4267 δή
482 4219 536 4251 του
553 4197 683 4251 ἀδικεῖν
691 4200 709 4267 ,·]
728 4203 768 4251 De
821 4201 852 4250 de
869 4217 920 4265 qno
937 4217 987 4250 usu
1003 4201 1093 4250 monui
1110 4199 1143 4249 ad
1160 4216 1184 4264 p.
1196 4199 1254 4252 488.
1265 4203 1298 4251 D.

284 4273 335 4321 hoe
358 4272 474 4336 genitivo
492 4286 516 4318 v.
534 4269 667 4319 Phaedon.
684 4286 708 4334 p.
728 4267 768 4319 78.
821 4274 847 4318 et
862 4267 920 4318 482
936 4270 969 4318 Ι).
995 4267 1229 4318 Heindorfium
1246 4285 1299 4319 non

285 4342 319 4389 D.
342 4340 382 4388 De
401 4340 463 4402 Rep.
482 4338 540 4387 VII.
556 4353 581 4401 p.
598 4336 656 4387 515.
669 4338 698 4386 Β.
722 4338 767 4386 ΙΧ.
820 4335 900 4401 probo
926 4336 991 4385 haee
1015 4338 1051 4386 sio
1074 4337 1298 4400 interpretantem.

284 4424 309 4473 p.
321 4404 380 4457 582.
394 4406 422 4456 0.
442 4405 607 4455 Demosth.
621 4406 662 4456 De
674 4405 767 4456 Conon.
821 4405 881 4454 hoo
905 4419 1000 4454 unum
1023 4404 1104 4453 mihi
1128 4405 1299 4470 responde.
