3242 5259
493 607 675 672 GORGIAS.
696 609 731 670 P.
752 613 823 668 465.
845 610 890 670 ed.
914 611 958 670 st.
1174 614 1230 676 141

215 772 276 835 τὸν
305 765 407 835 αὐτὸν
434 772 557 853 τρόπον
583 779 702 838 τοῦτον
728 773 971 858 ἡκομμωτική,
999 776 1182 857 κακοῦργός
1201 797 1235 839 τε

216 863 304 933 οὖσα
333 867 386 933 καὶ
407 870 551 954 όπατηλη
582 870 636 936 καὶ
664 870 801 955 ἀγεννὴς
822 872 876 937 καὶ
903 874 1130 955 ἀνελεύθερος,
1162 875 1233 956 σχή-

216 983 298 1047 μασι
325 968 379 1032 καὶ
406 971 546 1052 χρώμασι
575 971 629 1034 καὶ
657 971 792 1053 λειότητι
819 972 874 1036 καὶ
903 971 1032 1056 {odrice
1068 973 1233 1048 οέπατοόσοι,

216 1063 297 1142 cdere
317 1071 422 1131 ποιεῖν
441 1069 619 1150 οἲλλότριον1
639 1071 755 1144 κάλλος
775 1067 1012 1153 ἐφελκομένους
1032 1081 1091 1135 τοῦ
1111 1072 1233 1135 οἰκείου

215 1175 278 1228 τοῦ
300 1165 353 1228 διὰ
373 1174 661 1250 τῆςγυμναστικῆς
677 1168 812 1250 ἀμελεῖν.
836 1161 874 1232 ἵν’
896 1162 957 1232 οὖν
972 1167 1015 1252 μὴ
1031 1174 1233 1253 μακρολογῶ,

216 1261 322 1326 ἐθέλω
350 1278 400 1327 σοι
429 1265 529 1328 εἰπεῖν
555 1261 659 1347 ὥςπερ
689 1265 721 1330 οἱ
746 1263 920 1357 γεωμέτραι
948 1303 986 1313 -
1014 1269 1076 1352 ἤδη
1102 1269 1164 1351 γὰρ
1192 1268 1234 1332 ἂν

215 1361 296 1435 ἴσως
325 1361 566 1446 ολκολονθήσαις
593 1359 711 1428 --ὅτι
740 1361 758 1428 ὃ
786 1363 971 1449 κομμωτικη
1000 1369 1081 1448 πρὸς
1112 1391 1233 1450 γυμνα-

215 1461 339 1543 στικήν,
361 1470 457 1524 τοῦτο
478 1459 651 1544 ὀψοποιικὴ
672 1461 753 1544 πρὸς
774 1463 930 1546 ἰατρικήν.
965 1469 1088 1546 μᾶλλον
1108 1462 1142 1529 δὲ
1162 1453 1234 1542 ὧδε,
1256 1468 1284 1536 (l

269 1678 395 1743 τρόπον
413 1678 540 1747 τοῦτον]
559 1680 766 1732 zoororclark.
785 1683 844 1732 vat.

268 1745 459 1813 κακοῦργός
483 1767 513 1799 τε
535 1741 632 1816 οὖσα]
657 1741 726 1800 crica
748 1750 864 1801 additum
888 1768 902 1800 e
926 1752 991 1801 Van.
1017 1752 1078 1802 ΞΣ.
1108 1751 1186 1802 Vind.
1207 1752 1233 1803 2.

214 1819 273 1867 Par.
293 1819 325 1867 V.
342 1817 414 1866 Flcr.
441 1833 464 1866 a.
482 1816 507 1866 b.
530 1832 552 1867 c.
576 1816 600 1866 d.
624 1817 642 1866 f.
665 1835 698 1868 m.
715 1835 739 1869 o.
758 1836 783 1869 x.
806 1820 874 1884 Aug.
891 1821 997 1870 Mearm.
1020 1826 1045 1870 ct
1069 1816 1133 1870 corr.
1152 1821 1231 1871 Coisl.

215 1889 276 1936 Par.
296 1886 326 1935 Β.
344 1886 445 1935 'luetur
460 1884 526 1934 illud
543 1887 619 1936 etiam
643 1887 702 1936 edit.
720 1888 781 1937 Bas.
798 1886 831 1949 2„
850 1889 945 1938 omittit
960 1895 1045 1938 tamen
1064 1889 1152 1940 Clark.
1171 1905 1231 1940 cum

217 1954 413 2019 Olympiodoro.
835 2000 837 2003 .

216 2108 241 2139 a
264 2018 672 2140 llltltdttllltt‘l
680 2022 762 2142 diii
776 2022 982 2142 ⁸lll.1⁰¹llt.⁰‘'
991 2025 1088 2142 lid
1105 2025 1232 2144 ‘ludi

215 2158 410 2225 Aristidem
428 2162 488 2206 vett.
507 2157 577 2207 editt.
597 2158 639 2208 καὶ
658 2156 777 2225 λειότητι,
800 2176 847 2224 pro
866 2176 916 2223 quo
934 2161 993 2214 Par.
1010 2161 1069 2210 EF.
1087 2162 1155 2211 Flor.
1175 2162 1191 2210 f.
1211 2179 1231 2211 s.

216 2226 275 2276 Ald.
293 2228 354 2276 Bas.
379 2225 402 2275 1.
420 2222 546 2290 λειότησι,
570 2233 600 2274 ut
616 2227 727 2276 Bekker.
751 2228 893 2278 Hermann.
918 2229 970 2278 alii.
995 2231 1062 2278 Tum
1080 2229 1159 2295 vulgo
1176 2237 1231 2280 erat

214 2297 255 2344 nal
275 2291 411 2361 αἰσθήσει,
429 2309 508 2343 sensu
530 2293 611 2344 nullo.
648 2294 722 2359 Quod
741 2295 858 2346 dedimus
878 2294 1001 2362 ἐσθήσει,
1020 2297 1097 2347 Cerei
1114 2297 1230 2348 debetur.

214 2364 351 2413 Belrkerus
369 2363 479 2412 coniecit
496 2361 611 2428 ἐσθῆσιν
628 2379 660 2412 ex
677 2364 735 2413 Par.
753 2365 784 2413 V.
801 2381 839 2429 pr.
858 2364 972 2413 etCoisl.
992 2381 1041 2414 sec.
1060 2372 1089 2415 ut
1103 2365 1230 2416 canterus

214 2434 281 2483 Nov.
298 2433 382 2482 Lectt.
400 2432 433 2493 V,
451 2427 492 2480 15.
527 2431 615 2481 Codex
638 2431 760 2481 Aristidis
783 2432 965 2482 Schellerhem.
989 2433 1068 2482 habet
1086 2431 1187 2500 ἐσθῆτι.
1205 2450 1232 2488 v.

215 2506 304 2550 annot.

248 2570 331 2620 ἴσως
349 2563 609 2633 α’κολονθήσιιιο]
640 2567 683 2616 Sic
700 2567 790 2633 optimi
808 2573 835 2617 et
851 2568 928 2633 longe
946 2568 1051 2632 plurimi
1067 2568 1135 2618 libri.
1160 2569 1230 2620 Vett.

215 2637 286 2686 editt.
306 2632 522 2700 οἶκολονθήσειαε.
539 2635 607 2685 conf.
625 2635 693 2684 infra
710 2651 734 2700 p.
752 2633 810 2685 477.
828 2636 858 2685 B.
877 2642 903 2685 et
919 2636 1052 2686 Matthiae.
1071 2638 1114 2688 Gr.
1151 2638 1228 2704 ampl.

215 2708 248 2755 T.
266 2706 286 2754 Ι.
304 2720 329 2771 p.
347 2701 422 2766 361„
443 2705 487 2768 qui
508 2703 622 2754 Atticam
645 2705 755 2754 formam
778 2705 888 2769 optativi
910 2720 963 2753 non
989 2721 1088 2771 semper
1110 2707 1229 2772 usurpari

214 2773 247 2823 ab
266 2774 363 2823 Atticis
380 2770 549 2837 scriptoribus
565 2773 700 2822 verissime
717 2771 809 2822 docuit
889 2796 891 2800 ·

267 2842 296 2890 C.
321 2845 416 2890 τοῦτο
441 2835 630 2906 ὀψοποιικὴ]
665 2841 696 2890 V.
722 2836 901 2906 όνοποιητικὴ.
936 2840 1004 2891 Illud
1027 2858 1116 2891 rursus
1140 2841 1229 2893 Clark.

213 2911 272 2958 Vet.
291 2910 389 2974 aliique
406 2909 511 2974 plurimi
528 2914 640 2959 tuentur.
675 2908 719 2958 Sic
736 2910 798 2958 item
816 2909 905 2974 paullo
923 2916 989 2975 poet.

213 3077 392 3130 coloribus
414 3084 444 3127 et
468 3077 697 3143 laevigatione
748 3078 898 3139 efficiat,
927 3085 961 3128 ut
987 3079 1137 3130 homines
1163 3080 1230 3145 pul·

214 3156 245 3198 et
262 3146 432 3198 vestiendi
456 3147 590 3196 ratione
613 3147 697 3196 frau·
748 3147 933 3196 critudinis
957 3147 1106 3198 adscitae
1129 3154 1229 3213 atque

214 3218 282 3267 dem
306 3216 452 3275 faciens;
480 3214 562 3264 durch
586 3213 697 3264 Formae
749 3214 1229 3282 aliundepetitaestudiopro·

212 3286 267 3335 ιιτιολ
289 3283 397 3335 Farbco
418 3283 474 3332 uad
499 3281 620 3348 Gldttuop
642 3283 698 3332 uad
748 3283 851 3347 priam
895 3291 998 3348 atque
1043 3285 1229 3350 genuinam,

215 3351 384 3416 θωοανιόανιγ
413 3350 558 3402 τόαεολσιτό.
617 3350 697 3400 Vides
748 3367 830 3414 quae
848 3352 1139 3415 artcpalaestrica
1157 3369 1229 3403 con-

214 3421 357 3472 itaomnia
379 3435 435 3469 esse
458 3419 529 3468 clara
554 3425 579 3468 et
600 3420 697 3484 perepi-
748 3419 887 3470 ciliatur
932 3421 1078 3486 corpori,
1127 3421 1229 3486 negli-

215 3507 272 3553 cua,
289 3495 390 3539 utnon
413 3503 477 3552 opus
500 3489 534 3537 sit
551 3489 636 3538 varias
660 3489 696 3536 vi·
746 3495 830 3552 gant.
870 3489 981 3554 Egregie
1010 3494 1035 3537 et
1061 3504 1167 3553 prorsus
1195 3489 1228 3539 ad

215 3575 301 3610 rorum
333 3557 466 3606 doctorum
497 3556 632 3621 opiniones
664 3556 696 3606 de

214 3627 339 3678 hocloco
358 3629 512 3689 expromtas,
531 3625 624 3689 partim
640 3640 696 3688 per-

215 3712 293 3761 quam
317 3694 396 3743 miras
424 3692 484 3742 illas
512 3699 538 3742 et
561 3691 696 3755 absurdae,

215 3778 356 3814 memorare
372 3761 415 3811 vel
426 3761 582 3811 examinare.
601 3761 696 3823 Quam-

216 3849 293 3898 quam
322 3846 368 3896 pro
394 3826 501 3895 λειότητι
527 3828 573 3878 ubi
596 3826 696 3879 λειόσει

215 3901 362 3966 scripseris,
387 3897 415 3947 id
432 3899 510 3947 etiam
527 3897 618 3947 melius
636 3913 695 3947 eum

215 3967 325 4036 ἐσθήσει
342 3964 514 4015 concordabit.
532 3964 617 4016 Verba
637 3964 695 4031 σχή-

215 4055 277 4096 ,ιιατιι
295 4042 321 4086 et
338 4031 457 4100 χρώματα
481 4049 557 4098 saepe
574 4035 612 4084 sic
635 4050 695 4084 con·

214 4103 531 4234 {inficiabili
567 4101 695 4220 :ebt

213 4243 257 4308 tyl.
281 4259 306 4307 p.
332 4238 390 4291 431.
408 4238 437 4292 O.
460 4238 571 4303 Sophist.
595 4254 619 4303 p.
637 4237 694 4290 251.

215 4315 244 4361 A.
268 4311 337 4360 Tim.
359 4325 384 4373 p.
406 4306 448 4358 68.
471 4309 504 4356 D.
527 4309 567 4356 De
585 4306 695 4371 Republ.

215 4375 365 4444 11.‘p.373.
383 4377 415 4426 V.
439 4392 463 4440 p.
481 4372 538 4426 476.
555 4375 584 4424 Β.
609 4375 643 4424 al.
661 4402 694 4411 -

213 4445 293 4500 aiere
317 4451 427 4495 ποιεῖν
450 4461 471 4493 κ.
497 4461 516 4494 τ.
534 4445 569 4501 λ,
593 4443 695 4494 itaut

746 3572 800 3605 rem
811 3556 1002 3607 accommodate
1013 3556 1111 3606 dietum
1122 3555 1228 3620 ἐφέλκε-

749 3625 811 3674 σθαι
823 3620 959 3687 ἀλλότριοι·
971 3622 1069 3684 κάλλος,
1082 3626 1227 3676 alienam

747 3692 940 3743 adsciscere
961 3694 1228 3758 pulcritudinem.

754 3765 759 3800 ¹
780 3758 886 3825 ω”επερ
906 3760 940 3810 οἱ
956 3760 1147 3830 γεωμέτραι]
1162 3765 1227 3813 Ser·

746 3843 847 3879 renus
863 3829 972 3895 putabat
989 3830 1021 3880 ad
1039 3832 1077 3880 rei
1086 3833 1227 3897 perspicui-

745 3902 825 3947 tatem
847 3897 964 3948 adhiberi
988 3898 1148 3964 diagramma
1172 3901 1227 3950 sive

746 3964 854 4030 figuram
880 3968 1070 4032 geometricam.
1116 3968 1146 4017 In
1176 3984 1227 4032 quo

746 4034 785 4083 vir
803 4034 894 4084 doctus
916 4035 992 4085 valde
1017 4036 1119 4086 erravit.
1154 4037 1227 4087 Refe-

746 4109 837 4152 runtur
853 4104 922 4152 enim
939 4103 1003 4153 haee
1024 4103 1058 4153 ad
1074 4104 1155 4155 verba
1170 4120 1227 4170 pro-

746 4171 815 4220 xime
833 4173 979 4234 sequentia,
1002 4188 1069 4235 quae
1092 4173 1227 4222 imitantur

746 4239 983 4289 mathematicorum
1018 4241 1161 4301 rationem,
1199 4247 1227 4291 ut

745 4307 874 4357 sententia
888 4307 950 4357 baec
966 4309 1013 4357 eit:
1032 4306 1086 4357 sed
1104 4324 1142 4357 ne
1161 4310 1227 4359 lon-

745 4391 805 4440 gus
827 4375 899 4438 einr,
922 4392 1008 4426 more
1025 4376 1228 4428 mathemati·

745 4459 855 4494 corum
871 4459 937 4494 rem
953 4444 1126 4511 explicare
1144 4445 1228 4498 volo.
1332 4508 1338 4516 α
