3242 5259
330 607 390 660 264
745 601 940 660 PLATONIS

331 769 408 828 ἄλλο
429 787 458 828 τι
478 759 500 846 ἢ
513 766 604 847 λόγοι
619 764 786 846 γίγνονται
799 765 836 827 τὸ
851 764 1059 843 λειπόμενον;
1082 766 1183 827 ΚΑΛ.
1198 756 1345 846 Ἀνάγκη.

333 865 408 925 ΣΕ.
441 863 572 927 Οὐκοῦν
604 863 684 942 πρὸς
711 862 815 925 πολὺν
843 865 940 944 ὄχλον
967 860 1021 924 καὶ
1049 861 1155 944 δῆμον
1183 851 1277 924 οὗτοι
1302 861 1346 925 λε’-

333 984 446 1041 γονται
475 960 507 1023 οί
536 961 643 1042 λόγοι;
676 963 778 1022 ΚΑΛ.
811 959 907 1042 Φημί.
951 961 1024 1022 >ite
1062 959 1258 1041 Δημηγορία
1286 964 1346 1040 ἄρα

276 1050 309 1114 D
331 1059 378 1131 τίς
408 1057 493 1122 ἐστιν
519 1059 541 1140 ἦ
569 1059 725 1139 ποιητική.
769 1058 872 1120 ΚΑΛ.
908 1058 1070 1120 Φαίνεται.
1101 1058 1188 1119 zet.
1218 1058 1347 1122 Οὐκοῦν

334 1155 486 1236 ῥητορικὴ
514 1156 693 1238 δημηγορία
720 1155 761 1217 ἂν
791 1148 899 1236 εἴηῆ
930 1155 970 1217 οὐ
999 1153 1186 1235 ῥητορεύειν
1216 1154 1348 1219 δοκοῦσί

334 1267 385 1316 σοι
406 1253 438 1315 οί
457 1254 584 1335 ποιηταὶ
606 1251 641 1315 ἐν
661 1256 728 1327 τοῖς
748 1254 913 1331 θεότροις;
955 1254 1059 1314 ΚΑΛ.
1080 1245 1233 1333 Ἔμοιγε.
1275 1257 1346 1335 Etr.

335 1353 412 1413 Νῦν
432 1355 495 1431 ἄρα
514 1352 605 1434 ἡμεῖς
625 1350 803 1432 εὑρήκαμεν
831 1348 1004 1432 ῥητορικήν
1031 1371 1104 1413 τινα
1133 1350 1218 1432 πρὸς
1247 1350 1348 1433 δῆμον

334 1459 500 1524 τοιοῦτον,
529 1442 600 1512 οἷον
630 1448 755 1511 παίδων
780 1468 812 1510 τε
842 1446 925 1528 όμοῦ
952 1446 1192 1528 καὶγυναικῶν
1221 1449 1276 1512 καὶ
1296 1450 1347 1513 α’ν-

335 1546 432 1626 δρῶν,
453 1545 507 1610 καὶ
527 1547 654 1609 δούλων
672 1546 726 1608 καί
749 1543 938 1625 ἐλευθέρων,
959 1547 1002 1627 ἢν
1022 1546 1063 1609 οὐ
1084 1547 1174 1610 πάνυ
1189 1546 1347 1629 ἀγάμεθα·

335 1642 509 1727 ιιολαιιιιιίην
529 1643 591 1725 γίιρ
613 1644 715 1724 αὐτήν
736 1663 843 1724 φαμεν
863 1637 954 1706 εἶναι.
998 1646 1099 1706 ΚΑΛ.
1123 1645 1223 1707 Πιίνυ
1243 1667 1289 1726 γε.

400 1743 480 1831 Cap.
502 1744 627 1809 LVIII.
672 1747 748 1807 ΣΩ.
780 1739 869 1808 Εἶεν.
896 1743 982 1807 τίδὲ
1008 1744 1030 1826 ἡ
1059 1745 1140 1824 πρὸς
1169 1745 1230 1809 τὸν
1258 1747 1347 1829 Ἀθη-

336 1842 437 1905 ναίων
463 1830 567 1925 δῆμον
594 1842 746 1925 ῥητορικὴ
781 1840 836 1906 καί
862 1841 938 1915 τοὺς
965 1844 1084 1916 ἄλλους
1112 1842 1190 1918 τοὺς
1221 1841 1257 1906 ἐν
1284 1851 1349 1919 ταῖς

284 1944 313 2007 Ε
336 1942 445 2004 πόλεσι
474 1942 597 2023 δήμους
626 1934 702 2014 τοὺς
728 1944 793 2002 τῶν
823 1936 1004 2019 ἐλευθέρων
1032 1939 1179 2020 ἀνδρῶν,
1216 1941 1248 2004 τί
1277 1963 1348 2005 ποτε

335 2040 412 2122 ἡμῖν
434 2038 514 2122 αὕτη
535 2038 618 2115 tenu
640 2039 777 2119 πότερόν
803 2053 856 2101 σοι
875 2037 1008 2101 δοκοῦσι
1028 2028 1109 2117 πρὸς
1129 2038 1166 2101 τὸ
1187 2037 1349 2119 βέλτιστον

336 2136 384 2200 ciel
412 2135 515 2219 λέγειν
544 2138 575 2201 ol
604 2137 752 2219 ῥήτορες,
782 2137 901 2199 τούτου
931 2136 1175 2218 στοχαζόμενοι,
1206 2131 1294 2212 ὅπως
1321 2138 1350 2201 οί

335 2240 462 2300 πολῖται
491 2235 534 2310 ὡς
564 2232 719 2316 βέλτιστοι
746 2230 871 2298 ἔσονται
902 2232 954 2297 ott
981 2233 1058 2308 τοὺς
1085 2234 1195 2297 αὐτῶν
1225 2237 1346 2317 λόγους,

336 2328 357 2414 ἢ
385 2333 439 2396 καί
467 2324 558 2397 οὗτοι
586 2331 667 2413 πρὸς
695 2333 730 2395 τὸ
758 2334 944 2415 χαρίζεσθαι
977 2336 1046 2406 τοῖς
1073 2331 1221 2408 πολίταις
1249 2333 1346 2416 ὡρμη-

335 2431 434 2514 μένοι,
455 2432 510 2496 καὶ
530 2428 622 2495 ἕνεκα
642 2441 701 2494 τοῦ
722 2430 806 2494 ίδίου
819 2445 821 2449 “
833 2439 892 2493 τοῦ
913 2429 1023 2494 αὐτῶν
1043 2429 1276 2512 ὀλιγωροῦντες
1294 2441 1347 2496 τοῦ

386 2685 419 2733 Ι).
460 2680 591 2733 Οὐκοῦι
615 2679 772 2748 ρητορικὴ
797 2679 996 2746 δημηγορία]
1032 2681 1148 2732 Ροεείιιιε
1174 2682 1257 2750 vulgo
1286 2679 1347 2733 Οόκ·

337 2755 402 2799 γοῦν
420 2746 575 2816 ἡρητοριιιὴ
595 2750 650 2816 δημ.
686 2750 832 2801 Articulum
850 2749 936 2800 delevi
952 2765 1011 2799 eum
1027 2749 1096 2799 Flor.
1114 2751 1133 2802 f.
1151 2767 1171 2801 ε.
1190 2767 1216 2804 v.
1235 2767 1294 2802 ann

354 2918 363 2966 l
388 2853 418 2899 Ε.
413 2854 483 2966 'lu
499 2868 576 2900 ποτε
599 2846 677 2916 ἡμιν
700 2849 794 2917 αὕτη]
830 2847 904 2916 ἡμῶν
928 2851 987 2903 Vet.
1005 2850 1084 2900 vind.
1108 2850 1133 2902 l.
1155 2849 1180 2902 6.
1204 2854 1264 2903 Par.
1284 2853 1346 2906 (ΙΙΙ.

337 2933 462 2967 ε.ιιιεο.

390 3014 465 3070 τούς
483 3014 592 3067 αὐτῶν
610 3014 742 3084 λόγους]
761 3016 848 3069 αὐτῶν
865 3021 940 3070 Turr.
958 3018 1029 3070 editt.
1046 3019 1150 3071 iniuria.

825 3186 836 3209 Ο

338 3251 464 3315 θμὸνκ.
485 3274 503 3304 τ.
521 3255 552 3322 λ]
579 3254 819 3317 Inhispe'toteet
869 3256 902 3307 ed
932 3255 1068 3322 Rempubl.
1099 3273 1124 3324 p.
1151 3255 1211 3310 348.
1238 3260 1347 3311 Mutth

337 3325 514 3374 modulus
507 3340 541 3372 in
559 3330 671 3385 eantu,
688 3330 718 3374 ut
734 3326 817 3390 Leg
870 3325 893 3385 §-
911 3321 970 3376 305.

338 3393 371 3441 ΙΙ
390 3409 413 3456 p.
430 3390 486 3443 669.
501 3394 544 3454 Ι).,
562 3409 638 3456 quem
655 3393 742 3442 locum
759 3398 818 3456 apte
903 3393 936 3442 D.
966 3387 1129 3443 Οὐκοῦν
1115 3393 1279 3459 ρητορικὴ
1304 3394 1348 3461 δη·

337 3461 495 3524 compererit
521 3460 691 3513 Heindorf
729 3459 817 3524 Symp.
869 3463 1014 3544 μηγορια
1029 3459 1073 3524 -l
1093 3461 1169 3522 Quod
1186 3462 1268 3529 vulgo
1285 3464 1349 3530 lege-

336 3526 680 3593 p.187.D.Dis0rimen
703 3527 819 3591 rhythmi
868 3526 945 3577 betur
966 3523 1105 3579 Orluoriv‘
1090 3545 1106 3593 η
1125 3524 1228 3594 ῥητορ..
1252 3531 1280 3580 id
1297 3547 1350 3582 eeu·

337 3602 363 3645 et
379 3596 529 3645 hermoniae
544 3597 700 3661 intelligitur
711 3613 724 3646 e
736 3597 817 3677 Legg
869 3597 966 3646 tentiae
1002 3596 1161 3646 adversatur.
1215 3599 1350 3660 Quaeritur

337 3666 373 3713 Il.
390 3681 414 3729 p.
432 3662 488 3714 665.
508 3663 546 3713 A:
575 3669 609 3745 τῇ
627 3663 657 3714 δὲ
681 3670 723 3728 τῆς
747 3661 816 3751 κιηή-
869 3666 938 3713 enim
964 3663 995 3714 de
1017 3666 1169 3729 poetioe,
1196 3681 1231 3715 eu
1253 3666 1302 3718 illa
1318 3668 1349 3717 uit

338 3748 404 3784 σειος
431 3728 500 3814 τάξει
524 3726 664 3814 ροθμόο”
650 3749 733 3791 ονομα
761 3733 816 3796 εἰη·
870 3732 985 3782 concio
1024 3732 1203 3783 rhetorice.
1263 3737 1350 3820 ltaque

290 3818 292 3823 ⁴
338 3805 366 3883 τῇ
396 3796 416 3848 δ’
448 3791 482 3848 αὖ
510 3815 553 3864 τηε
583 3805 688 3864 φωνῆς,
718 3805 762 3848 τοῦ
791 3817 817 3848 τε
869 3799 919 3848 fnit
936 3800 980 3883 qpi
996 3799 1135 3884 legendum
1147 3806 1268 3864 putaret
1290 3799 1350 3854 otu

337 3868 411 3930 οξέοι
431 3869 472 3916 nol
492 3865 588 3950 (ippone
609 3865 819 3946 ονγκεραννομέ-
870 3871 920 3916 οῦν
938 3863 961 3952 „⁷5
991 3864 1108 3932 ποιητικὴ
1140 3865 1266 3937 ῥητορικὴ
1295 3871 1348 3936 δημ.

340 3954 394 3984 ιωι
395 3931 541 3998 αρμονιας
550 3950 631 3993 ονομα
640 3951 818 4000 προεαγορεν
869 3932 903 3984 όν
913 3935 970 4015 εἴη.
1006 3935 1158 4001 Simplicius
1180 3941 1221 3986 eet
1243 3939 1350 3989 artieulo

338 4021 398 4052 οιτο.
435 4003 485 4052 Sed
503 4018 527 4056 v.
547 4002 579 4052 ad
597 4003 698 4052 Phileb
716 4019 740 4085 p.
759 4000 800 4052 36.
870 4004 964 4053 omisso
982 4002 1129 4054 subiectum
1147 4005 1350 4069 esuperioribue

372 4069 460 4135 λόγοι
488 4072 664 4136 γίγνονται
696 4069 728 4118 τὸ
758 4071 817 4119 lec·
869 4076 991 4135 repetere.
1022 4072 1056 4121 Et
1073 4073 1197 4122 omittunt
1214 4074 1350 4125 articulum

340 4136 503 4205 πιόμενον]
561 4140 641 4188 Verbi
695 4154 818 4188 numerus
869 4138 943 4188 codd.
966 4138 1065 4201 aliquot
1086 4142 1266 4206 manuscripti.
1312 4143 1350 4192 De

339 4207 546 4256 accommodatus
585 4211 624 4256 est
662 4207 817 4286 praedicato.
869 4223 893 4256 v.
919 4205 1064 4272 δημηγορια
1089 4223 1114 4257 v.
1137 4207 1219 4274 odp.
1241 4207 1301 4261 482.
1323 4210 1352 4260 C.
1408 4262 1411 4270 ,

338 4274 464 4337 Exempla
502 4275 580 4323 huius
620 4275 818 4325 constructionis
869 4274 1024 4339 Appellatur
1039 4281 1125 4324 autern
1151 4224 1256 4340 poeptieu
1265 4277 1350 4361 δημη-

338 4341 499 4404 collegerunt
516 4343 689 4394 Heindoiuf
707 4343 781 4393 adh.
800 4343 817 4392 l.
868 4345 961 4425 γοριᾈα
979 4349 1115 4407 propterea
1132 4344 1202 4407 quod
1221 4342 1290 4409 uocis
1307 4342 1351 4426 τὴν

338 4407 371 4455 ad
394 4409 537 4458 Parmenid.
564 4427 588 4475 p.
612 4408 670 4460 244.
698 4411 817 4461 Aetius
869 4405 969 4476 ἡδονὴν
993 4412 1091 4472 μᾶλλον
1118 4409 1235 4478 ὥρμηται
1259 4413 1301 4464 καὶ
1325 4409 1350 4462 τό
