3242 5259
559 599 744 658 (somus
763 601 799 658 Ρ.
821 605 892 658 521.
915 601 960 658 ed
983 601 1026 658 St.

1237 605 1297 658 325

278 785 351 842 τες,
378 763 539 826 πιστεύειν
564 759 639 844 ppd'
668 762 712 824 dr
737 763 776 824 ἓν
802 765 928 826 τούτων
955 767 1093 833 παθεῖν,
1130 761 1174 834 ὡς
1200 762 1301 824 οἰκῶν

282 860 432 925 ἐκποδὼν
450 861 504 924 ud
523 862 586 924 σι”ιι
605 860 648 922 ἂν
668 861 823 941 εὼσχθεὶς
843 862 888 934 εἰς
907 861 1113 941 δικαστήριον
1128 857 1192 921 ὑπὸ
1211 861 1299 923 πάνυ

282 961 360 1034 ἴσως
385 964 557 1040 μοχθηροῦ
581 959 764 1036 ἀνθρώπων
791 959 843 1021 rui
873 961 1024 1037 φιιύὶον]
1050 960 1126 1022 ΣΩ.
1150 954 1301 1038 Ἀνόητος

283 1062 347 1137 ἄρα
367 1058 448 1138 εἰμι’,
479 1048 733 1132 &Kal-iisdem,
760 1056 806 1130 ὡς
833 1057 980 1136 deneg:
1009 1056 1037 1116 ci·
1062 1054 1106 1135 μὴ
1134 1055 1244 1136 οἴομαι
1264 1053 1300 1118 ἐν

282 1156 358 1237 τῇδε
378 1165 419 1237 τῇ
437 1155 529 1217 πόλει
547 1154 701 1217 ὁντιιοίν
720 1158 781 1225 ἄν,
808 1153 829 1217 d
858 1179 889 1216 te
914 1157 1021 1234 τύχοι.
1049 1161 1147 1216 τοῦτο
1172 1158 1299 1216 παθεῖν.

281 1254 356 1317 τόδε
375 1251 486 1334 μέντοι
505 1246 543 1315 εὖ
567 1246 649 1315 oid'.
674 1251 742 1327 ὅτι,
771 1251 889 1330 ἐάιιερ
911 1252 995 1325 aigin
1025 1252 1069 1325 εἰς
1095 1252 1302 1333 δικαστήριον
1323 1254 1356 1318 D

282 1486 439 1537 OEFVW.
462 1485 533 1538 Plnr.
549 1501 574 1534 ι
591 1500 614 1534 ο
633 1485 658 1534 d
674 1502 710 1534 το.
726 1502 750 1534 ο.
768 1502 794 1533 x.
821 1484 906 1543 διιεῖ,
929 1485 1000 1549 quod
1023 1485 1139 1535 defendit
1156 1487 1298 1536 Hermann.

280 1571 307 1605 v.
324 1554 419 1619 explic.
445 1554 498 1603 Sed
513 1557 544 1602 in
560 1551 692 1602 πιστεύειν
708 1553 846 1602 ιοιῦεοᾶο
863 1571 954 1602 ornnes
971 1556 1144 1603 consentiunt.
1162 1554 1221 1603 Ald.
1238 1555 1298 1604 Bas

281 1625 306 1674 1.
323 1622 348 1673 2
366 1639 426 1671 cum
442 1622 512 1671 Flor.
529 1637 553 1673 c.
570 1621 595 1673 d.
613 1621 751 1677 νοτιτιις,
769 1622 838 1686 quod
855 1624 892 1671 in
910 1623 1033 1686 seriptum
1051 1623 1084 1671 ab
1101 1624 1144 1685 iis,
1161 1625 1208 1687 qui
1225 1620 1301 1672 δοκεῖ

280 1689 656 1755 incoddsuisreperirsent.

279 1909 312 1959 de
331 1924 384 1972 quo
400 1907 453 1956 rid
470 1918 558 1957 annot
580 1907 615 1958 ad
631 1909 766 1958 Theaetet.

279 1995 304 2044 p.
312 1975 374 2027 299.
390 1977 420 2029 Β.
438 1977 568 2038 Quorsum
584 1978 694 2026 fortasse
704 1978 766 2026 item

279 2049 334 2096 iam
351 2046 496 2110 respicitur.

280 2109 577 2246 ιι
602 2108 765 2228 lc'lm

304 2200 321 2230 v
371 2200 379 2229 ι
578 2220 584 2228 .
655 2217 661 2226 .
701 2216 709 2226 .

315 2248 524 2314 CapLXXl'll.
535 2244 626 2298 0²93
643 2264 696 2305 μοι
715 2245 764 2295 do·

282 2324 349 2368 seis
367 2344 402 2353 -
420 2313 601 2364 πιστεύειν
616 2314 659 2380 -]
678 2316 765 2374 Recte,

282 2386 389 2449 opinor,
419 2385 542 2432 Aetius
568 2383 634 2433 haee
663 2384 766 2447 accepit

278 2468 326 2518 per
359 2452 588 2511 exclamationem,
623 2467 690 2514 quse
718 2453 765 2499 mi-

278 2520 356 2570 randi
383 2519 536 2583 ridendique
568 2519 765 2583 comprehendit

279 2587 512 2654 significationem:
554 2587 656 2647 Quam
684 2587 764 2635 mihi

277 2655 426 2716 rideris,
444 2655 595 2715 Socrate,
618 2655 765 2704 confide-

277 2741 314 2774 re
333 2725 379 2772 -!
396 2724 463 2773 Nam
479 2724 518 2771 ita
533 2722 626 2771 deinde
644 2723 764 2772 Socrates

279 2795 378 2857 optime
394 2791 545 2855 respondet:
571 2787 695 2852 Ἀνόητοι
712 2787 765 2850 ἄρα

280 2861 344 2920 εἰμι’.
379 2859 464 2925 Supra
485 2875 510 2923 p.
528 2856 587 2908 490.
604 2859 640 2906 E:
663 2854 700 2909 eis
722 2854 764 2906 ιἰεὶ

281 2923 361 2977 ταύτὰ
378 2927 467 2992 λὲγεις,
485 2918 508 2975 ὦ
527 2923 682 2987 Σώκρατες]
703 2927 764 2976 Alio

282 2993 360 3044 modo
374 2995 533 3043 infinitivum
550 3004 609 3058 post
630 2990 667 3044 cis
691 2992 768 3043 δοκεῖ

283 3061 399 3111 defendit
427 3063 455 3112 C.
479 3063 528 3111 Fr.
552 3063 764 3111 Hermannus

281 3133 310 3179 in
329 3131 439 3194 Specim
462 3131 491 3178 in
508 3129 640 3179 Plutarch
659 3131 699 3178 De
717 3131 764 3179 Sn-

279 3200 380 3265 perstit.
403 3215 429 3262 p.
451 3197 491 3258 6„
519 3198 565 3262 qui
587 3196 652 3245 duas
676 3210 765 3248 censet

280 3267 487 3317 constructiones
531 3266 658 3314 conflatas
698 3282 764 3315 esse.

280 3336 368 3396 Quum
386 3336 456 3383 enim
472 3333 610 3382 dicendum
627 3332 705 3381 fuerit
720 3334 762 3382 vel

280 3401 317 3454 cis
335 3419 378 3462 μοι
395 3402 477 3459 δοκεῖ,
495 3399 640 3458 πιστεύεις,
659 3400 701 3450 vel
719 3401 763 3450 ὅσ·

279 3477 336 3521 κείς
353 3486 398 3529 μοι
414 3466 555 3528 πιστεύειν,
572 3478 710 3532 utrnmque
724 3485 764 3518 ar·

279 3538 392 3587 bitratur
407 3539 435 3585 in
452 3553 534 3586 unum
550 3538 687 3586 confusum
704 3553 763 3586 esse

279 3623 313 3656 ex
330 3605 378 3654 illa
401 3605 525 3668 loquendi
546 3606 662 3665 ratione,
685 3622 763 3669 quam

279 3680 384 3740 practer
405 3673 471 3722 alios
494 3673 690 3722 illustraverunt
712 3676 764 3724 Er·

280 3740 379 3792 furdt
403 3741 437 3790 ad
454 3741 532 3805 Sopln
551 3741 638 3806 Antig.
662 3758 686 3789 v.
706 3740 763 3793 736.

280 3812 386 3860 Herm.
404 3809 435 3857 ad
446 3810 532 3874 Viger.
543 3825 567 3872 p.
578 3806 636 3859 751.
648 3811 676 3858 Μ
682 3812 763 3860 etth.

280 3881 304 3939 ᾖ.
321 3875 381 3927 539.
392 3876 415 3926 2.
433 3878 467 3925 cf.
484 3879 561 3926 etiam
578 3892 637 3926 mea
653 3878 686 3927 sd
703 3877 763 3927 Phi·

279 3944 330 3998 leb.
349 3962 374 4009 p.
392 3943 433 3994 46.

314 4013 369 4062 nal
388 4009 449 4060 οὐκ
466 4009 506 4060 dv
523 4011 713 4078 ιὶισχθεὶι]
732 4019 765 4061 et

279 4081 379 4146 quasi
403 4096 466 4128 non
490 4082 601 4143 possis
623 4082 656 4128 in
680 4081 764 4129 iudi-

279 4151 366 4199 cium
390 4149 470 4213 rapi.
506 4148 573 4197 Nam
596 4150 762 4213 participium

279 4234 340 4267 cum
363 4212 397 4265 dv
419 4215 569 4279 copulatum
599 4232 645 4280 per
671 4217 764 4278 optati-

280 4303 342 4334 vum
366 4283 551 4349 explicandum
576 4290 629 4333 est:
659 4282 700 4330 nal
727 4279 764 4334 ds

280 4351 329 4404 ndu
352 4350 387 4401 ἂν
408 4352 565 4416 εἰιαχθείηι.
593 4351 624 4400 cf.
648 4348 762 4400 Metth.

281 4423 305 4483 ᾗ.
328 4419 387 4472 598.
410 4420 471 4472 coll.
495 4426 583 4474 annot.
607 4418 640 4470 ad
662 4434 687 4483 p.
704 4413 764 4468 461.

817 1910 850 1958 D.
886 1910 920 1958 Et
936 1925 969 1958 ne
987 1925 1064 1974 quem
1081 1909 1208 1969 offendat,
1231 1908 1300 1974 quod

818 1993 872 2025 non
899 1979 979 2041 priori
1003 1979 1153 2041 participio,
1182 1977 1228 2025 sed
1250 1977 1301 2026 soli

817 2047 953 2108 posteriori
970 2046 1064 2094 vocula
1082 2045 1170 2093 addita
1187 2054 1240 2103 est,
1265 2045 1298 2093 cs.

818 2112 972 2176 Sophocl.
1004 2112 1068 2161 Oed.
1097 2112 1153 2161 Col
1184 2128 1209 2159 v.
1235 2109 1298 2161 Tot:

818 2172 839 2228 ὦ
856 2177 940 2227 πάντα
958 2181 1058 2238 τολμῶν
1074 2174 1142 2228 adad
1156 2174 1252 2229 παντὸς
1264 2174 1300 2227 ἂν

819 2248 913 2307 oe'pmr
934 2247 1014 2312 λόγον
1038 2247 1137 2296 dotalem
1163 2244 1299 2311 μηχάνημα

817 2318 949 2372 sontior,
975 2316 1033 2364 ie.
1057 2312 1088 2367 ds
1107 2312 1190 2364 κᾰιτσ
1207 2316 1299 2379 τολμᾷς

816 2384 859 2431 καὶ
877 2380 929 2431 ἀπὸ
947 2380 1044 2435 παντὸς
1062 2381 1096 2433 ἄν
1110 2382 1202 2443 φέροιο
1218 2384 1298 2447 toyov

817 2451 841 2499 d.
858 2469 913 2515 μη.
932 2469 1014 2507 πνοι,
1038 2468 1053 2499 0
1072 2460 1120 2510 tu,
1138 2452 1192 2514 qui
1210 2465 1242 2499 es
1259 2449 1298 2498 cd

817 2522 927 2568 omnia
961 2518 1071 2567 audax
1103 2521 1229 2582 quique
1259 2533 1298 2566 ex

816 2587 970 2650 qualibet
994 2603 1027 2636 re
1044 2589 1153 2635 iustae
1178 2586 1298 2635 oratio·

816 2657 867 2704 nis
902 2655 1044 2719 speciem
1084 2653 1298 2703 comminisci

815 2724 933 2787 possis.
951 2722 1021 2772 Male
1039 2723 1120 2788 igitur
1136 2721 1298 2771 Cornari·

815 2806 852 2839 ns
891 2790 1041 2853 εἰισχθείηι
1078 2791 1175 2854 corrigi
1214 2789 1298 2839 iussit.

815 2857 904 2907 Verba
930 2854 980 2907 ὑπὸ
1006 2855 1077 2907 πάνυ
1095 2859 1160 2909 ἴσως
1177 2884 1209 2895 -·
1228 2855 1297 2919 φαύ-

816 2927 863 2974 λου
881 2942 964 2991 nuper
980 2927 1008 2974 in
1025 2926 1190 2992 glossematis
1214 2927 1298 2990 suspi-

816 2996 916 3044 cionem
935 2993 1047 3044 adducta
1063 3003 1139 3057 sunt;
1165 2995 1297 3059 quoium,

815 3078 886 3112 nunc
903 3079 956 3112 non
974 3063 1119 3115 decernam.

851 3129 1034 3194 ὅιιιύχοι,
1058 3135 1153 3180 τοῦτο
1173 3128 1213 3195 ιι]
1248 3131 1298 3180 Μί-

816 3199 1127 3247 rerisHeindorfium
1145 3196 1191 3246 ὃιι
1207 3194 1298 3247 durd-

815 3282 853 3327 χοι
870 3269 1047 3330 corrigentem.
1082 3266 1148 3313 Nam
1166 3266 1297 3328 optativus

816 3334 921 3395 ponitur
946 3334 979 3381 ob
1006 3331 1086 3381 verba
1111 3328 1237 3380 ὁντινοῦν
1263 3327 1298 3378 ἂν

816 3405 891 3448 τοῦτο
919 3401 1027 3448 παθεῖν.
1075 3396 1297 3458 Quemadmodum

814 3468 895 3532 igitur
911 3469 937 3515 in
952 3466 1064 3532 simplici
1078 3468 1213 3515 enuntiato
1226 3465 1297 3514 dixe·

815 3538 865 3584 ris:
890 3531 1010 3586 ὁιιιιοῦν
1037 3531 1120 3584 πάθοι
1147 3530 1182 3582 ἂν
1207 3536 1295 3590 τοῦτο,

815 3601 854 3652 ὅτι
878 3600 960 3666 τύχοι,
991 3604 1027 3652 ita
1049 3618 1120 3651 nunc
1142 3600 1157 3649 ὅ
1182 3619 1202 3650 τι
1230 3597 1297 3662 τύχοι

815 3672 924 3732 dicitur,
947 3670 1075 3735 quiahoc
1093 3670 1297 3720 additamentum

814 3739 958 3789 arctissime
975 3756 1034 3791 cum
1051 3736 1178 3788 ὁντινοῦν
1195 3733 1230 3784 ἂν
1247 3751 1295 3784 πα·

815 3810 880 3857 θεῖν
902 3813 976 3857 τοῦτο
999 3808 1127 3858 cohaeret
1171 3802 1296 3853 Similiter

815 3876 905 3961 Lpsid.
928 3893 951 3941 p.
969 3874 1027 3926 207.
1051 3877 1089 3925 D:
1114 3873 1187 3922 δοκεῖ
1208 3869 1237 3920 δι’
1256 3884 1296 3919 σοι

815 3943 950 4003 ινδοίμων
972 3937 1041 3993 εἶναι
1063 3939 1209 4000 ἄνθρωποι
1233 3937 1294 3986 dov-

815 4009 901 4062 ledeov
917 4012 960 4060 nal
980 4003 1002 4077 pi
1018 4009 1102 4074 μηδὲν
1119 4005 1190 4072 ἐξείη
1209 4011 1296 4054 ποιεῖν

815 4071 856 4129 ὥν
873 4077 1013 4137 ἐπιθυμοῖ;
1037 4074 1137 4125 Phileb.
1159 4090 1184 4139 p.
1201 4071 1242 4124 60.
1266 4073 1295 4123 Ο.

815 4148 895 4210 Legg.
913 4146 960 4194 XI.
977 4161 1000 4208 p.
1016 4140 1074 4193 927.
1093 4141 1121 4191 O.
1139 4157 1164 4190 v.
1181 4141 1294 4191 Matth.

816 4217 839 4275 ξ,
861 4209 919 4262 529.
942 4213 1027 4261 Rost
1057 4211 1080 4270 §-
1104 4207 1161 4260 123.
1183 4207 1208 4260 3.
1243 4208 1294 4258 Ad-

815 4282 868 4330 dito
885 4277 919 4328 ἄν
933 4278 1049 4329 hocloco
1063 4277 1229 4327 scribendum
1240 4282 1296 4327 eret

816 4346 884 4411 τύχῃ.
913 4347 953 4396 De
970 4362 998 4396 re
1015 4347 1072 4410 ipse
1088 4347 1193 4395 Menon.
1210 4360 1235 4409 p.
1252 4343 1294 4395 94.

815 4418 851 4467 E:
870 4409 905 4467 ὥς
924 4415 989 4468 ἴσως
1006 4412 1056 4474 μὲν
1074 4413 1116 4464 καὶ
1133 4409 1235 4479 &vrilly
1247 4411 1294 4463 πό·
