3242 5259
302 599 363 653 292
711 594 908 654 PLATONIS

303 759 369 819 τῶν
390 757 620 838 συμπλεόντων
649 758 709 821 οὐκ
731 755 827 830 έιλσας
846 762 1141 840 καταποντωθῆναι
1168 755 1227 822 καὶ
1252 757 1320 833 οὕς-

305 877 393 927 ιινας
414 851 572 935 ἔβλαψεν,
601 855 700 931 εἰδὼς,
730 853 778 918 ὅτι
799 853 896 918 οὐδέν
917 855 1037 930 αὐτοὺς
1057 856 1207 936 βελτίους
1228 854 1321 936 ἐξεβί·

219 977 282 1042 512
304 953 402 1032 βασεν
423 953 442 1034 ἢ
465 946 528 1016 οἶοι
550 949 707 1035 ἐνέβησαν
728 956 800 1015 οὔτε
822 951 861 1015 τὰ
882 953 1012 1033 σώματα
1033 956 1106 1016 οὔτε
1128 952 1186 1028 τὰς
1193 957 1320 1076 ψυχάς.

303 1051 459 1130 λογίζεται
480 1045 549 1126 οὖν,
572 1049 621 1113 ὅτι
642 1051 719 1126 οὐκ,
742 1050 769 1112 εἰ
789 1046 849 1130 μέν
868 1071 916 1123 τις
935 1052 1084 1131 μεγάλοις
1103 1049 1159 1114 καὶ
1180 1052 1322 1127 ἀνιάτοις

304 1149 463 1230 νοσήμασι
499 1148 579 1211 κατὰ
616 1149 652 1212 τὸ
687 1155 779 1226 σῶμα
797 1150 1028 1269 συνεχόμενος
1068 1147 1112 1231 μη
1149 1149 1320 1232 απετινίχη,

306 1247 400 1319 οὑτος
428 1268 486 1327 μεν
507 1247 622 1320 ἄθλιός
649 1239 803 1320 ἐστιν,’
785 1267 834 1307 οτι
862 1246 922 1308 οὐκ
950 1243 1113 1324 ἀπέθανε,
1143 1269 1201 1310 και
1228 1248 1322 1311 οὐδέν

305 1335 357 1406 ον’
379 1345 481 1407 αὐτοῦ
503 1340 678 1422 ὠφέληται·
710 1343 737 1405 εἰ
758 1340 791 1405 δέ
812 1366 859 1417 τις
881 1347 944 1422 ἄρα
973 1341 1008 1406 έν
1028 1347 1073 1431 τῷ
1093 1350 1154 1409 τοῦ
1176 1347 1321 1425 σώματος

304 1437 488 1522 τιμιωτέρῳ,
518 1450 556 1523 τῇ
584 1449 671 1522 ψυχηγ
682 1489 690 1518 ,
719 1441 822 1503 πολλὰ
843 1443 1009 1523 νοσήματα
1029 1412 1091 1525 ἔχει
1118 1441 1175 1506 καὶ
1196 1441 1319 1515 ἀνίατα,

305 1540 409 1621 τούτῳ
431 1538 464 1602 δὲ
486 1535 620 1618 βιωτέον
649 1536 715 1601 ἐστὶ
742 1537 796 1600 καὶ
822 1549 940 1602 τοῦτον
960 1537 1124 1621 ὀνήσειεν,
1153 1543 1198 1602 ἄν
1227 1561 1261 1603 τε
1289 1537 1320 1603 ἐκ

305 1637 466 1718 θαλάττης
493 1640 534 1699 ἄν
554 1657 587 1698 τε
609 1634 643 1699 ἐκ
666 1636 874 1717 δικαστηρίου
903 1640 946 1699 ἄν
966 1657 998 1698 τε
1019 1641 1162 1700 ἄλλοθεν
1184 1637 1318 1701 ὁποθεν-

309 1840 480 1909 Αλγύτιτου’
465 1863 480 1909 η
498 1843 526 1893 ἐκ
544 1841 650 1893 Πόντου
669 1842 728 1908 τύχη
749 1842 868 1903 σοι’σασα,
891 1841 907 1893 ἃ
927 1850 977 1894 νῦν
1000 1844 1156 1962 δὴέλεχοίν,
1180 1843 1319 1897 selatitos

306 1913 348 1961 καὶ
368 1911 460 1963 παῖδας
479 1914 520 1962 καλ
538 1909 658 1996 χηήματα
670 1914 711 1962 καὶ
730 1919 869 1996 γυναῖκας,
896 1909 1131 1976 ἆποβιβοίσοοωί
1103 1930 1143 1966 es
1162 1910 1209 1964 triv
1226 1913 1317 1975 λιμένα,

306 1977 354 2028 ἐὰν
372 1979 500 2040 πάμπολυ,
520 1976 612 2044 ταύτην
630 1985 672 2045 τῆς
689 1977 800 2046 μεγάλης
818 1976 972 2045 εὐεργεσίαι
991 1980 1038 2031 δύο
1058 1979 1174 2063 δραχμὰς
1186 1980 1317 2064 ἑπμαξαιο.

305 2048 376 2097 Iusto
394 2047 535 2110 audacius,
553 2064 602 2098 neo
619 2063 684 2113 opus
702 2053 741 2097 est
758 2049 901 2099 mutatione
918 2049 982 2099 ulla
1016 2049 1105 2100 Verbs
1122 2044 1172 2099 ἐὰν
1189 2048 1271 2111 τάμπ
1288 2078 1317 2088 -

305 2112 458 2181 εὐεργεοιαι
481 2132 533 2166 οοο
556 2117 684 2181 expressit
700 2117 816 2166 Fioinus.
850 2118 881 2166 In
903 2132 955 2167 uno
972 2118 1032 2167 Par.
1056 2119 1162 2183 punctis
1183 2125 1275 2169 notata
1295 2123 1318 2168 et

304 2184 453 2249 parenthesi
469 2184 571 2234 inclusa
589 2191 657 2233 sunt

355 2247 509 2319 Ε.ἢοῖοι
533 2250 715 2318 ἐνέβησαν]
740 2251 770 2300 οὶ
786 2250 875 2305 Clark.
893 2252 953 2302 vat.
971 2251 1050 2302 vind.
1067 2250 1091 2304 6.
1114 2253 1176 2304 Pur.
1194 2253 1316 2306 cEFw.

339 2443 680 2530 Ρ.512.ιογιςειιι
716 2435 784 2502 οὖν,
840 2462 879 2494 vos
908 2444 1011 2494 ἔταττον
1040 2445 1137 2530 έμενον
1164 2444 1252 2529 ὥςπεη
1279 2447 1317 2496 nol

307 2509 354 2563 ὅτι
377 2509 447 2571 οὐκ,
471 2511 502 2562 εἰ
525 2512 584 2572 μέν
602 2510 652 2578 -]
688 2513 786 2562 Prima·
837 2507 911 2565 ἄλλος
934 2529 984 2565 τις·
1009 2517 1055 2563 τοῦ
1077 2512 1108 2564 δέ
1124 2515 1196 2565 θεοῦ
1220 2513 1316 2566 τάττον-

305 2583 371 2630 rium
395 2549 494 2646 periodi
516 2581 658 2630 membrum
680 2581 719 2630 sio
741 2595 786 2665 po·
838 2597 936 2632 τοε-
959 2579 1077 2630 ἐνταῦθα
1101 2580 1188 2633 σὲ-
1212 2586 1317 2643 lustretur

305 2649 383 2698 tuerit
404 2649 547 2698 enuntiari:
578 2649 701 2730 λογιζεται
726 2665 784 2706 ουν,
838 2644 884 2712 τὴν
901 2644 986 2711 τᾶξω,
1012 2648 1059 2699 ubi
1082 2665 1107 2699 v.
1133 2657 1224 2700 annot
1259 2651 1317 2700 Uni·

307 2714 344 2766 ὅτι
367 2733 400 2764 ου
418 2715 529 2800 βιωτέον
552 2733 633 2781 τουτῳ
652 2714 737 2797 ἑστίη,
761 2716 789 2764 εἴ

307 2800 343 2834 τις
362 2781 392 2831 ἐν
410 2788 438 2848 τῇ
450 2788 526 2868 ψηχῇ
550 2766 628 2832 πολλὰ
655 2780 786 2864 νοσήματα

306 2850 416 2913 ἔχεικαὶ
440 2846 548 2900 οένίατα.Ι
572 2856 706 2916 reputat
728 2851 787 2916 igi-

305 2925 358 2967 tur
381 2932 489 2967 seeum
513 2919 612 2967 vitam
635 2934 697 2967 non
715 2934 786 2968 esse

306 2984 459 3046 vitalem,
481 2986 508 3034 si
530 2987 604 3049 quis
621 2986 739 3035 multis
757 2991 786 3036 et

306 3051 561 3102 insanabilibus
586 3053 686 3102 animi
709 3069 787 3102 mor-

307 3120 357 3169 bis
379 3118 517 3170 lsboret.
557 3120 608 3169 Sed
630 3136 680 3184 quo
704 3122 786 3187 magis

306 3193 432 3252 augeatur
463 3188 541 3237 huius
575 3190 716 3238 sententiae
746 3190 786 3238 vis

305 3255 454 3320 clariusque
471 3255 683 3320 exsplendeseat‚
707 3257 786 3306 sliam

306 3325 475 3385 sententiam,
505 3340 570 3388 quae
593 3326 718 3374 minorem
742 3324 786 3374 ha-

305 3393 350 3442 bet
370 3393 538 3458 gravitatem,
568 3393 629 3442 huie
656 3393 693 3442 ita
715 3409 786 3458 prae·

304 3462 395 3523 mittit,
418 3467 447 3510 ut
464 3461 568 3510 insertis
584 3461 720 3525 particulis
738 3460 786 3521 μέν

306 3535 331 3578 et
349 3527 378 3578 δι’
395 3528 501 3578 alteram
524 3528 557 3577 ad
574 3529 681 3579 alteram
698 3530 787 3579 referri

305 3603 422 3661 oportere
446 3596 582 3660 significet.
624 3599 708 3658 Quam
732 3598 787 3660 qui·

306 3664 364 3714 dem
381 3663 553 3714 membrorum
578 3665 786 3714 coniunctionem

306 3733 402 3797 optime
419 3731 560 3781 illustravit
572 3733 599 3780 M
607 3732 683 3784 attb.
694 3734 718 3793 §-
728 3731 785 3782 622.

305 3798 329 3850 4.
347 3799 379 3850 of.
404 3801 595 3848 Buttmann.
618 3801 661 3848 Gr.
685 3816 708 3864 p.
727 3798 786 3850 434.

305 3867 345 3917 ed.
362 3867 452 3917 decim.
487 3867 596 3917 Prorsus
614 3867 704 3916 eadem
720 3874 786 3917 stru-

305 3940 391 3985 eturae
407 3933 474 3984 ratio
492 3939 531 3983 est
547 3950 572 3998 p.
590 3933 648 3984 516.
666 3936 702 3983 E:
725 3933 784 3985 οὔκ-

306 4020 355 4051 ουν
378 4003 408 4051 οἵ
431 4020 460 4067 χε
486 3998 585 4068 ἀγαθοὶ
609 3998 707 4068 ἡνίοχοι
736 4005 784 4053 κτλ.

304 4069 454 4121 Particulae
479 4069 529 4131 μέν
556 4098 588 4106 -
618 4068 666 4131 μέν
695 4076 720 4120 et
756 4070 786 4121 δέ

305 4164 339 4174 —-
374 4135 403 4187 δέ
441 4138 529 4188 eodem
573 4139 649 4188 modo
686 4139 785 4204 positae

306 4209 374 4264 sunt,
392 4221 442 4268 quo
450 4206 569 4289 Apolog
588 4207 686 4258 Socrat.
704 4223 727 4270 p.
743 4205 784 4260 28.

305 4272 339 4321 E:
349 4241 459 4351 ipsi
427 4291 477 4323 ουν
488 4271 594 4323 betici*
578 4292 612 4323 αν
624 4275 684 4360 εἰήη
695 4274 784 4357 εἰργα-

222 4365 231 4380 .
308 4336 409 4397 σμένος,
427 4338 493 4399 sl,‘'
479 4358 521 4390 οτε
539 4359 587 4402 μεν
602 4359 633 4401 με
651 4342 678 4390 οι
691 4360 784 4425 αρχον

262 4410 265 4414 ’
307 4422 346 4456 sss
364 4405 510 4465 έτειτιον-,
529 4427 585 4457 τοτε
602 4409 651 4470 μέν
668 4428 700 4459 ον
692 4402 784 4459 ἐκεῖ·

837 2731 938 2765 versam
969 2716 1021 2766 loei
1048 2718 1205 2768 sententiam
1229 2719 1316 2768 Latine

836 2784 1035 2849 interpretamur
1052 2785 1103 2836 sio:
1131 2786 1255 2850 Itaque
1278 2803 1318 2836 se·

838 2867 908 2901 eum
925 2857 1074 2917 reputat,
1091 2869 1188 2917 quum
1207 2855 1248 2917 is,
1266 2855 1316 2919 qui

837 2920 967 2985 magnis
1003 2925 1036 2969 et
1065 2920 1317 2972 insanabilibus

838 2988 990 3052 eorporis
1012 2988 1138 3039 morbis
1161 2989 1317 3040 afflictus

837 3055 870 3103 in
892 3056 975 3105 mari
997 3071 1063 3106 non
1085 3057 1247 3121 perierit,
1269 3059 1317 3107 mi-

838 3138 889 3172 ser
906 3123 950 3172 sit
966 3123 1055 3186 ideo,
1078 3124 1157 3189 quia
1174 3140 1239 3175 non
1256 3141 1317 3190 per-

837 3190 936 3252 ierit,
970 3206 1030 3241 neo
1064 3207 1136 3241 eum
1170 3199 1317 3259 oportere

837 3259 968 3320 vivere,
1002 3259 1057 3324 qui
1083 3259 1117 3309 in
1151 3276 1203 3322 eo,
1240 3260 1317 3327 quod

838 3341 975 3390 eorpore
1000 3329 1237 3392 praestantius
1265 3335 1317 3389 est,

837 3394 871 3442 in
889 3393 1010 3457 animo,
1033 3395 1159 3445 multos
1184 3402 1217 3446 et
1238 3397 1317 3446 inss-

838 3460 970 3511 nabiles
1010 3461 1135 3512 habeat
1180 3464 1316 3517 morbos.

837 3528 917 3578 Vides
945 3530 1025 3595 igitur
1053 3525 1102 3579 οὐκ
1130 3533 1260 3595 pertinere
1287 3532 1318 3582 ad

837 3597 986 3677 primariam
1010 3603 1111 3647 tantum
1135 3601 1218 3650 totius
1241 3617 1317 3652 ennu-

837 3665 896 3714 tiati
912 3671 1011 3730 partem
1036 3681 1120 3730 neque
1137 3668 1229 3718 referri
1246 3684 1317 3748 posse

837 3733 916 3783 etiam
933 3733 965 3782 ad
982 3734 1118 3784 interiecta
1130 3734 1211 3786 bueo.
1230 3735 1257 3786 sl
1272 3734 1317 3797 μὲι

839 3817 874 3852 τις
891 3798 977 3881 popuii„
1001 3818 1024 3850 κ
1042 3820 1061 3852 ι.
1079 3804 1115 3858 λ,
1137 3803 1165 3852 in
1190 3820 1242 3870 qua
1264 3820 1317 3854 sen-

837 3869 919 3918 tentia
933 3869 1230 3925 fuitHeindorfius.
1247 3874 1318 3923 Pror-

838 3952 882 3986 sus
900 3937 967 3986 slius
984 3937 1086 4001 generis
1097 3943 1139 3987 est
1149 3939 1253 4022 illudp.
1263 3937 1317 3992 508.

836 4005 867 4053 B.
887 4005 1010 4055 Proxima
1024 4005 1067 4054 nal
1086 4004 1249 4075 ιοῦτονόνή
1252 4024 1318 4059 oster

836 4071 950 4136 pendent
978 4073 1034 4121 et
1025 4088 1108 4156 ipsa
1106 4089 1121 4122 e
1143 4027 1317 4160 superioribus

837 4139 904 4188 illis·
926 4141 1053 4205 λογίζεται
1074 4157 1141 4202 ουν,
1160 4161 1214 4203 οτι,
1239 4145 1276 4195 ita
1292 4155 1318 4193 ut

837 4207 949 4272 negandi
966 4207 1096 4272 particula
1107 4225 1180 4261 nuno
1192 4213 1255 4262 itam
1267 4213 1317 4262 ani-

836 4291 878 4325 mo
902 4276 1040 4339 repetenda
1062 4278 1109 4338 sit3
1132 4295 1196 4330 narn
1219 4286 1317 4330 senten·

837 4344 874 4393 tia
890 4342 956 4392 haee
980 4351 1032 4394 est.
1055 4351 1195 4410 reputat
1215 4349 1318 4414 igitur

836 4427 969 4473 -eum,
999 4413 1056 4476 qui
1083 4415 1188 4466 animi
1203 4416 1319 4467 morbo
