3242 5259
510 615 695 678 GORGIAS.
718 617 752 678 P.
775 620 845 678 461.
869 621 939 677 462.
961 619 1008 679 ed.
1030 618 1073 679 St.
1241 622 1299 680 129

278 784 378 860 „zoe
406 781 513 864 μακρὰ
540 780 763 864 λέγοντοςκαὶ
784 779 829 865 μὴ
850 780 1018 858 ἐθέλοντος
1037 780 1073 847 τὸ
1095 779 1300 867 ἐρωτώμενον

278 880 525 960 ἀποκρίνέοθαι,
548 874 588 944 ού
605 873 678 944 δείν’
697 879 738 944 ἀν
753 875 795 945 αὖ
817 878 880 962 ἐγὼ
900 884 1048 964 πάθοιμι,
1069 879 1159 965 εἰμὴ
1181 880 1301 960 ἐξέσται
1373 954 1376 959 ,

278 1002 334 1059 μοι
364 976 493 1043 ἀπιέναι
522 979 575 1044 καὶ
595 979 639 1062 μὴ
661 979 792 1044 ἀκούειν
811 992 920 1056 oov;”
949 974 1014 1045 ἀλλ’
1036 980 1112 1044 εἴτι
1130 981 1219 1063 κήδει
1239 987 1299 1046 τοῦ
1319 967 1384 1052 462

278 1079 383 1160 λόγον
404 1069 464 1143 τοῦ
484 1077 654 1161 εἰρημένον
674 1078 727 1142 καὶ
747 1077 1040 1158 ἐπανορθώσασθαι
1060 1079 1160 1144 αὐτὸν
1180 1080 1299 1161 βούλει,
1386 1089 1389 1096 ’

279 1171 386 1257 ὥςπερ
407 1185 470 1239 νύν
491 1169 537 1259 δὴ
552 1173 672 1258 ἔλεγον,
694 1175 895 1259 ἀναθέμενος
916 1173 933 1241 ὅ
954 1203 983 1242 τι
1003 1193 1054 1242 σοι
1074 1178 1171 1258 δοκεῖ,
1200 1178 1235 1241 ἐν
1255 1186 1299 1259 τῷ

277 1272 368 1358 μέρει
385 1273 514 1354 ἐρωτῶν
529 1297 561 1338 τε
576 1275 631 1355 καὶ
653 1273 866 1357 ἐρωτώμενος,
888 1271 991 1356 ὥςπερ
1012 1275 1075 1358 ἐγώ
1095 1298 1128 1339 τε
1149 1276 1201 1340 καὶ
1219 1281 1299 1355 Γορ-

278 1374 364 1454 γίας,
387 1369 491 1455 έλεμχέ
513 1372 619 1438 τεκαὶ
641 1371 782 1456 ἐλέγχον.
803 1370 869 1456 φῂς
888 1374 950 1456 γὰρ
971 1374 1079 1458 δήπου
1099 1373 1153 1439 καὶ
1172 1375 1213 1438 σύ
1234 1373 1299 1439 έπέ-

278 1476 421 1559 enecent
459 1470 540 1553 ἅπερ
569 1472 717 1554 Γοργίας.
746 1471 767 1553 ἢ
797 1475 855 1548 οὒς
901 1474 1012 1535 iiten.
1042 1468 1175 1554 Ἔγωγε.
1222 1475 1299 1558 ΣΩ.

282 1565 418 1634 Ούκούν
447 1568 501 1633 καὶ
529 1562 570 1632 σὺ
599 1570 734 1644 κελεύεις
752 1570 886 1639 ,σαυτὸν
912 1569 1034 1652 ἐρωτᾶν
1063 1569 1211 1635 ἑκάοτοτε
1232 1566 1251 1635 ὅ
1270 1595 1301 1635 ιι

277 1673 321 1732 ἀν
341 1689 390 1742 τις
410 1669 579 1751 βούληται,
610 1667 883 1752 ὡςέπισιάμενος
903 1669 1150 1750 ἀποκρίνεσθαις
1189 1672 1299 1735 ΠΩΛ.

329 1870 359 1919 Ε.
396 1865 472 1918 ἀλλὰ
494 1866 637 1922 ἀντίθες
661 1887 720 1920 τοι·
747 1874 805 1919 σοῦ
828 1869 867 1936 μ]
893 1869 937 1920 Sic
962 1869 1050 1921 Clark
1074 1870 1153 1924 Coiel.
1177 1872 1243 1923 Van.
1268 1871 1300 1923 Ξ.

278 1939 339 1988 Par.
356 1937 530 1988 BCFIVW.
555 1937 631 1987 Vind.
644 1937 668 1989 1.
680 1937 704 1990 6.
730 1937 801 1988 Flor.
814 1955 837 1988 e.
852 1939 878 1988 b.
896 1954 917 1989 c.
935 1955 970 1988 m.
988 1955 1011 1989 ο.
1029 1956 1054 1988 x.
1072 1945 1098 1990 et
1114 1955 1179 1991 corr.
1191 1941 1250 1994 Vat.
1264 1942 1298 1990 Δ.

277 2022 324 2071 pro
342 2005 415 2071 vulg.
434 2001 496 2055 ἀλλά
512 2002 623 2058 ἀντίθες
640 2006 665 2055 τὸ
684 2011 734 2055 σού
751 2024 772 2056 κ.
792 2025 810 2055 τ.
829 2009 850 2056 λ.
876 2007 941 2056 Ven.
958 2005 988 2056 Σ.
1006 2007 1083 2057 Vind.
1099 2006 1124 2057 2.
1142 2004 1237 2059 ἀντίθε
1255 2027 1298 2058 τοι.

278 2076 339 2123 Par.
357 2075 388 2125 Ε.
407 2069 515 2130 ἀντιθές
533 2093 563 2136 τι,
582 2090 632 2140 qno
649 2076 748 2140 etipse
766 2081 870 2140 recepta
887 2075 963 2125 lectio
981 2076 1156 2126 confirmatur.

333 2172 373 2226 ού
396 2172 479 2226 δείν’
503 2173 544 2226 ἀν
567 2168 600 2226 ού
623 2174 683 2243 ἐγώ
707 2174 748 2239 π]
773 2171 808 2226 ἀν
830 2175 910 2242 vulgo
933 2177 1057 2227 omissum
1080 2183 1147 2227 reete
1164 2183 1300 2228 servarunt

279 2245 370 2295 Clark.
388 2244 470 2293 Coisl.
488 2245 552 2294 Ven.
572 2246 600 2294 Ξ.
626 2243 703 2296 Vind.
722 2242 745 2294 6.
768 2246 828 2294 Per.
844 2243 990 2294 BCIVW.
1013 2245 1082 2295 Flor.
1099 2263 1122 2299 a.
1140 2245 1164 2296 b.
1183 2261 1206 2297 o.
1224 2246 1248 2296 d.
1265 2263 1298 2296 m.

280 2330 304 2363 c.
324 2331 349 2362 x.
375 2312 406 2362 In
425 2312 483 2362 vat.
501 2314 535 2362 A.
554 2313 665 2378 aliisque
682 2312 817 2362 nonnullis
835 2303 869 2361 αύ
887 2312 967 2363 deest.

332 2416 361 2464 P.
379 2412 438 2465 462.
477 2410 624 2466 κελεύεις
649 2410 786 2480 σαυτὸν]
814 2414 858 2464 Sic
881 2413 954 2464 codd.
976 2415 1065 2480 optimi
1088 2420 1165 2479 atque
1186 2415 1299 2481 plurimi.

279 2483 350 2533 Vett.
368 2481 440 2532 editt.
461 2478 579 2531 σεαυτόν.

280 2671 373 2729 recte
401 2692 566 2728 concesse
594 2683 705 2741 putee,
733 2675 766 2725 id
818 2683 864 2727 aut
889 2682 918 2726 nt
944 2676 1043 2743 aliquid
1071 2677 1151 2728 faciat
1179 2675 1221 2727 v'el
1246 2678 1300 2728 fiet.

280 2745 766 2810 tuoarbitratupermutesato„
818 2746 1300 2808 Quocireaeenaushiceetzsimihi

280 2831 314 2864 ex
350 2831 401 2879 qua
431 2814 642 2879 interpretatione
671 2814 767 2863 Hein·
817 2813 880 2864 hoc
910 2830 1007 2864 unum
1032 2816 1203 2865 observes:
1231 2814 1300 2880 quod

282 2884 412 2933 dorsius
429 2881 586 2933 coniioiebet
605 2885 665 2947 post
682 2879 766 2931 ἐθέλοι
817 2880 902 2931 lenius
928 2888 954 2932 et
979 2884 1104 2933 urbanius
1131 2883 1229 2934 dictum
1253 2891 1300 2946 est,

282 2951 411 3002 excidisse
432 2948 532 3001 δοῦναι.
567 2951 766 3000 Verumtamen
818 2965 895 3014 quam
921 2949 1002 2999 illud:
1035 2953 1063 3002 si
1092 2951 1177 3001 mihi
1204 2968 1300 3002 unum

281 3021 349 3070 nihil
367 3019 527 3069 mutandum.
561 3019 628 3069 Nem
647 3018 766 3069 Socrates
818 3018 922 3068 solnm
935 3033 1063 3069 caveas.
1075 3019 1300 3070 ooniad'l'heaet.

282 3088 357 3138 illum
367 3088 454 3153 ipsum
464 3087 550 3137 locum
560 3087 700 3152 respiciens
715 3087 767 3135 iam
818 3103 842 3151 p.
860 3085 918 3137 154.
936 3087 965 3136 C.

282 3174 310 3207 se
333 3172 437 3221 qnoque
460 3161 579 3220 paratum
598 3171 655 3206 esee
672 3156 768 3205 fatetur

282 3223 315 3275 ad
325 3224 491 3274 retractanda
504 3240 543 3286 ea,
562 3240 627 3288 quac
645 3238 767 3274 concessa
854 3218 890 3285 ἢν
906 3221 1083 3288 καθέρξῃς]
1099 3223 1127 3272 si
1139 3223 1300 3273 orationis

281 3295 347 3356 sint,
372 3294 395 3342 ai
420 3292 481 3357 quid
504 3292 567 3341 Polo
590 3293 677 3342 minus
701 3291 767 3341 bene
818 3290 1067 3355 longitudinem
1095 3292 1299 3342 cohibueris.

283 3377 436 3413 concessum
472 3360 599 3410 videatur.
650 3361 681 3410 In
712 3375 767 3427 ,quo
819 3359 913 3408 Forma
935 3359 1025 3408 aorieti
1045 3358 1141 3422 legitur
1157 3360 1235 3409 etiem
1252 3361 1301 3410 Po·

282 3431 399 3480 urbanae
421 3429 521 3479 ironiae
543 3427 648 3478 aculeus
671 3432 717 3478 est.
734 3454 768 3463 -
819 3425 883 3476 litio.
900 3443 924 3491 p.
938 3425 996 3477 285.
1014 3427 1043 3475 B.
1062 3426 1147 3489 ἔρξας.
1172 3427 1246 3492 Reip.
1268 3427 1299 3476 V.

282 3497 399 3549 Verbum
421 3494 599 3547 ἀνατίθεσθαι
620 3511 666 3561 per
691 3501 769 3545 meta·
820 3491 878 3545 461.
891 3496 929 3544 D:
942 3491 1299 3559 μὴξννέρξαντοςάρχονιοε.

281 3567 390 3631 phorom
420 3581 436 3615 a
462 3564 620 3615 calculorum
646 3563 705 3613 luen
731 3579 769 3613 re·
820 3563 888 3612 Tim.
911 3579 935 3628 p.
954 3561 995 3614 34.
1014 3562 1042 3612 Ο.
1066 3564 1132 3613 conf.
1154 3562 1300 3615 Lobeck.

282 3636 392 3700 petitam
421 3633 472 3683 dici
502 3633 589 3683 docuit
618 3632 769 3697 Wyttcn·
801 3629 853 3680 'ad
871 3627 1053 3690 diaculbss,
1077 3630 1243 3682 Sohaeler.
1268 3631 1301 3682 ad

230 3692 236 3708 ‘
282 3703 375 3753 bech.
404 3701 437 3751 ed
466 3699 597 3752 Phaedon.
621 3716 646 3766 p.
668 3697 710 3750 87.
728 3700 769 3762 A„
819 3699 888 3748 Plut.
911 3700 942 3750 T.
960 3699 1006 3749 IV.
1023 3715 1048 3765 p.
1061 3696 1103 3749 37.
1129 3700 1301 3750 Matthiae.

282 3771 329 3821 ubi
352 3787 378 3820 u.
403 3775 491 3820 annot
513 3797 546 3806 -
572 3771 621 3819 Pro
641 3765 768 3832 φνλάτιῃς
821 3767 865 3817 Gr.
883 3767 906 3826 5.
923 3763 981 3818 234.

282 3838 352 3904 quod
375 3836 564 3888 Findeiaen.
592 3832 704 3900 φνλάττῃ
731 3851 768 3886 re·

281 3908 378 3973 poenit,
398 3906 466 3971 fugit
476 3905 551 3956 illum
560 3920 624 3955 usus
635 3903 767 3968 loquendi,
853 3902 884 3952 E.
906 3898 983 3953 ἀλλὰ
998 3898 1139 3956 ἀντίθες
1154 3919 1216 3953 τοι·
1235 3904 1301 3953 Σοῦ

283 3991 381 4094 :titt
395 3970 545 4092 llil-‘itt
558 3973 769 4107 ”liliilalle
820 3969 960 4089 titi
971 3970 1035 4088 §32¹
1050 3969 1302 4103 latitanti

551 4077 557 4104 λ
1187 4077 1194 4101 2

286 4114 350 4162 σθαι
363 4116 511 4175 usurpatur.
529 4125 554 4159 v.
567 4108 720 4158 Elmslei.
738 4107 770 4159 ed
821 4106 902 4156 mihi
919 4107 1030 4157 dicere
1047 4107 1152 4162 liceat
1169 4114 1218 4158 eto.
1243 4108 1302 4158 Non

284 4181 375 4244 Eurip.
393 4178 462 4229 Med.
479 4194 504 4227 v.
522 4175 580 4228 314.
598 4176 770 4227 Schaefer.
822 4190 886 4240 opus
901 4181 949 4235 est,
967 4180 995 4223 ut
1013 4189 1072 4223 oum
1090 4175 1259 4239 Stephano
1277 4182 1304 4226 et

284 4248 317 4298 ed
341 4246 510 4298 Demosthen.
535 4245 659 4311 Apparet.
684 4246 716 4293 T.
736 4244 769 4293 11.
822 4242 1027 4292 Heindorfio
1057 4241 1085 4291 ro'
1113 4259 1159 4307 pro
1182 4262 1218 4293 τοι
1241 4236 1303 4294 εὀτὶ·

285 4333 309 4382 p.
324 4314 382 4369 215.
409 4315 575 4366 Nimirumin
592 4313 689 4363 talibus
706 4313 771 4363 loeis
822 4312 925 4360 bemus.
945 4310 1304 4375 Exemplarecteeorationie

286 4390 326 4434 eet
343 4384 522 4437 observare
540 4381 653 4446 aliquem
664 4378 707 4430 vel
725 4380 771 4432 ali-
822 4380 878 4428 sine
895 4377 944 4427 tali
962 4379 1066 4429 articuli
1084 4378 1127 4428 vel
1144 4381 1305 4445 pronominis

287 4452 361 4517 quid,
386 4457 416 4502 ut
438 4468 471 4502 ne
494 4451 575 4502 faciat
597 4449 639 4501 vel
656 4465 710 4500 non
727 4447 772 4498 fiat
822 4447 909 4497 indice
922 4446 1011 4498 illatae
1022 4449 1074 4498 iam
1085 4446 1148 4498 alibi
1162 4449 1303 4500 attulimus.

312 4554 364 4593 Plet.
379 4553 434 4602 Opp.
448 4553 495 4594 Vol.
508 4553 537 4592 11.
550 4551 606 4592 θεολ.
619 4552 637 4592 1.
1091 4548 1108 4599 9
