3242 5259
338 607 398 659 200
746 599 943 659 PLATONIS

338 762 461 837 ἐντοῖς
482 767 590 836 ἄλλοις
611 766 702 840 ζώοις
727 759 782 824 καὶ
801 764 867 823 τῶν
896 760 1081 841 ἀνθρώπων
1112 757 1148 822 ἐν
1178 757 1269 833 ὅλαις
1288 765 1358 842 ταῖς

338 862 449 925 πόλεσι
469 857 522 923 καὶ
553 864 619 934 τοῖς
644 855 788 941 νὲυεσιυ,
819 858 868 921 ὅτι
889 856 973 920 οὕτω
1002 857 1186 921 τὸδίκαιον
1207 855 1356 939 κέκριται,

338 960 396 1022 τὸυ
415 948 546 1039 κρείττω
574 966 633 1020 τοῦ
660 955 795 1040 ἥττονος
823 958 931 1036 ἄρχειν
959 953 1013 1018 καὶ
1039 952 1138 1019 τιλέου
1168 951 1261 1037 ἔχειν.
1291 953 1355 1018 ἐπεὶ

338 1056 420 1139 κοίῳ
452 1046 564 1136 (itacio)
590 1055 753 1137 χρώμενος
775 1051 894 1135 Ξέρξης
921 1051 973 1116 ἐπὶ
999 1051 1059 1134 τὴν
1081 1045 1222 1116 Ἑλλάδα
1250 1049 1355 1132 ἐστρά-

276 1165 305 1230 Ε
339 1168 469 1229 τευσεν,
498 1152 558 1235 ἢὸ
586 1151 690 1233 πατὴρ
712 1151 822 1221 ,αὐτοῦ
851 1150 903 1213 ἐπὶ
924 1152 1077 1226 Σκύθας,
1105 1151 1125 1231 ἢ
1153 1154 1237 1213 ἄλλα
1256 1153 1380 1241 μυρίαΙ

338 1255 380 1315 ἄν
399 1274 447 1326 τις
466 1247 531 1333 ἔχοι
552 1254 684 1313 τοιαῦτα
704 1247 817 1330 λέγειν.
848 1248 928 1321 ἄλλ’,
951 1243 1050 1329 οἶμαι,
1083 1239 1174 1312 οὗτοι
1193 1247 1277 1313 κατὰ
1297 1250 1356 1329 φιλ

338 1363 390 1413 σιν
412 1347 484 1430 [τὴν
504 1357 562 1411 τοῦ
583 1347 721 1423 δικαίου]
744 1356 846 1410 ταῦτα
866 1347 1052 1425 πράττουσι,
1073 1344 1128 1409 καὶ
1149 1347 1205 1409 ναὶ
1225 1345 1271 1428 μδι
1293 1349 1355 1410 Δία

338 1446 419 1512 κατδι
439 1448 542 1528 νόμον
569 1466 605 1525 γε
633 1445 691 1507 τὸν
718 1453 774 1526 τῆς
804 1445 948 1525 φύσεως,
979 1444 1019 1508 οὐ
1047 1441 1158 1524 μέντοι
1179 1443 1257 1518 ἴσως
1277 1444 1354 1508 κατὰ

390 1654 420 1704 Ε.
439 1650 539 1703 αὐτοῦ
558 1652 612 1702 ἐπὶ
633 1651 782 1718 Σκύθαι]
802 1651 845 1702 ἐπὶ
865 1650 924 1706 τοδε
944 1653 991 1704 Σκ.
1009 1657 1071 1704 vett.
1088 1652 1159 1706 editt.
1174 1653 1267 1710 invitis
1283 1653 1353 1704 codd.

252 1730 253 1733 ’
339 1738 400 1772 mss.
416 1727 520 1807 praeter
536 1723 595 1771 Par.
613 1723 642 1774 Ε,
661 1722 714 1771 lere
732 1720 860 1771 omnibus

392 1787 447 1854 τὴν
465 1796 520 1838 τοῦ
538 1789 682 1870 δικαίου]
710 1790 784 1839 Haeo
806 1787 887 1838 verba
903 1789 994 1838 merito
1018 1790 1052 1837 ab
1070 1787 1337 1838 Schleiermachero
1329 1807 1351 1838 m

339 1858 502 1923 glossematis
525 1858 698 1922 suspicionem
722 1862 815 1906 vocata
836 1857 978 1906 defendunt
996 1856 1094 1919 Aetius,
1112 1857 1250 1907 Deehnius
1272 1872 1297 1922 p.
1316 1855 1350 1909 12.

340 1927 536 1986 etHermann.‚
554 1941 616 1974 nam
633 1925 823 1989 quaestionem:
837 1927 910 1991 ποίῳ
929 1922 1039 1990 δικαίῳ;
1055 1940 1109 1974 non
1126 1924 1277 1990 significare
1295 1926 1352 1975 Xer·

339 2010 400 2043 xem
417 1994 514 2042 iniuria
532 1993 645 2043 Graecos
661 2009 813 2059 aggressum
831 2008 901 2054 esse,
919 1991 964 2042 sed
981 1993 1086 2075 quaeri,
1109 1997 1239 2042 utrum
1224 1991 1307 2053 νόμου
1323 2009 1353 2042 an

342 2058 448 2124 φύσεως
465 2059 564 2126 δικαίῳ,
581 2063 625 2113 cui
641 2062 692 2142 ipsi
709 2059 882 2125 respondeant
898 2060 979 2110 verba
989 2056 1052 2109 κατὰ
1066 2057 1149 2123 φύσιν
1166 2065 1213 2110 τοῦ
1230 2059 1338 2110 δικαίου.

391 2127 568 2190 τιθέμεθα·
587 2125 785 2180 πλάττοντες
804 2126 879 2180 τούς
882 2127 991 2210 driu]
1017 2129 1089 2177 Haec
1106 2127 1190 2212 vulgq
1206 2130 1245 2178 sic
1262 2130 1352 2209 scripte

339 2196 492 2263 legebantur
461 2195 661 2256 ατιτιθὲιιεθα,
679 2193 828 2248 πλάττοντες
846 2192 906 2248 τοδε
924 2196 1074 2260 βελτίστους
1098 2195 1141 2246 καί
1159 2191 1353 2260 λρῥωμεναστᾰ-

873 2376 936 2430 κατὰ
949 2376 1037 2440 νόμον,
1049 2381 1111 2430 isti
1128 2381 1281 2432 homines
1297 2381 1353 2431 uti·

339 2378 449 2462 δηλώσει
476 2379 643 2464 (patebin)
679 2378 717 2429 ὅτι
746 2385 822 2430 τοῦτο

873 2447 1353 2512 quevehementerlaeserunt,

339 2450 385 2509 μέν
408 2468 429 2501 τι
453 2455 487 2516 τῷ
511 2446 568 2499 ὄντι
589 2440 710 2497 θεῖον
692 2465 740 2513 ην,
775 2448 823 2498 ubi

338 2517 557 2568 maleFicinus
573 2515 696 2567 reddidit
715 2514 823 2598 decula·

338 2587 437 2635 rabit.
455 2584 564 2667 Epistol.
584 2585 680 2634 Socrat
698 2581 728 2634 3.
746 2581 821 2634 οὕτω

341 2650 362 2702 δ’
383 2652 437 2702 ἐστὶ
457 2651 571 2715 φανερά·
596 2645 667 2712 οἶμαι
684 2649 771 2734 μέντοι
790 2647 823 2701 οὐ

339 2723 436 2769 πολλοῦ
463 2717 527 2769 αὐτὰ
554 2717 681 2783 δηλώσειν
713 2718 821 2783 χρόνου.

339 2788 383 2837 Sic
399 2787 518 2872 intelligo
536 2787 694 2836 Herodot.
714 2788 761 2849 ΙΙΙ,
773 2786 822 2838 82:

339 2853 413 2904 καλ’
400 2873 431 2903 εν
444 2871 530 2936 τουτῳ
553 2852 666 2916 διέδεξε,
692 2851 747 2918 ὅσῳ
766 2853 820 2905 ἐστὶ

287 2941 291 2949 ·
339 2927 414 2972 τοῦτο
439 2918 555 2984 ἄριστον.
597 2921 688 2984 ltaque
706 2938 759 2971 non
783 2929 823 2972 est

339 2989 421 3072 quod
426 3004 486 3038 cum
503 2989 703 3039 Heindorfio
726 2989 822 3039 intelli-

339 3073 387 3122 gas
406 3052 422 3122 ἡ
440 3054 528 3118 φύσις.
553 3056 616 3105 Mox
631 3056 821 3108 animadvertes

339 3126 418 3174 haec:
437 3121 476 3173 ὅτι
493 3122 576 3175 οὕτως
593 3125 657 3187 ἔχει,
675 3125 821 3175 accuratius

339 3191 468 3258 declarari
479 3189 613 3241 verbisffl
597 3209 635 3240 οτι
653 3189 719 3241 οὕτω
738 3188 766 3243 τδ
781 3193 820 3242 δί-

339 3277 414 3311 καιοι
432 3259 543 3320 κέκριται
560 3278 581 3309 κ.
601 3279 619 3309 τ.
638 3261 659 3308 λ.

372 3325 447 3394 Ε.ἢ
472 3326 549 3378 ἄλλα
573 3330 676 3390 μυρία
705 3325 743 3376 ἄν
773 3345 820 3380 τις

338 3396 404 3459 ἔχοι
434 3396 483 3460 -]
526 3396 597 3446 Male
632 3395 821 3480 Stephanus

338 3461 527 3528 corrigebat
511 3484 526 3529 η
550 3460 611 3512 ἄλλα
637 3467 719 3526 μυρία
743 3459 759 3511 ἃ
786 3461 820 3511 ἄν

337 3549 374 3584 uc
391 3532 450 3594 ἔχει.
474 3547 497 3580 v.
520 3531 552 3581 ad
570 3529 681 3595 Apolog
699 3531 770 3580 Socr.
795 3546 820 3595 p.

336 3597 412 3648 41.B.
424 3598 584 3663 Phaedonp
568 3614 592 3663 .
606 3596 646 3648 94.
660 3599 688 3647 Β.
703 3599 771 3647 Mat
777 3599 819 3647 th.

337 3667 382 3716 Gr.
400 3666 478 3731 ampl.
497 3668 519 3726 ἓ.
538 3663 596 3716 474.
614 3666 637 3714 d.
657 3666 721 3714 Mox
739 3667 820 3715 verba

338 3731 384 3797 τὴν
402 3739 449 3783 τοῦ
467 3733 568 3783 δικαίου
586 3733 716 3797 glossema
737 3734 820 3798 inepti

335 3801 528 3865 interpolatoris
550 3800 665 3850 redolere
684 3807 758 3850 acute
782 3803 820 3850 vi·

336 3869 374 3917 dit
392 3868 731 3918 Schleiermaclrerus.
760 3870 808 3918 Ete
809 3897 820 3905 -

335 3937 389 3984 nim
413 3932 429 4000 ἡ
459 3933 539 3999 φύσις
566 3939 611 3983 τοῦ
641 3934 742 3985 δικαιόυ
767 3937 819 3986 huc

335 4018 440 4065 prorsus
469 4020 521 4054 non
551 4004 677 4067 pertinet,
711 4019 820 4053 commc-

335 4073 430 4120 morari
457 4073 543 4137 potius
572 4069 683 4120 debebat
717 4067 744 4119 τὸ
775 4076 819 4135 τῆς

337 4135 582 4198 concordiaque,
608 4136 818 4202 utp.484.A.‚

337 4209 382 4252 aut
417 4205 468 4254 dici
497 4201 558 4256 κατὰ
589 4203 672 4267 φύσιν
711 4205 817 4259 δίκαιαιῚ

339 4287 413 4319 ταυτα
431 4290 474 4337 πρ.
509 4275 576 4324 Nam
600 4274 727 4324 sententia
751 4274 818 4324 haec

338 4344 390 4385 est:
409 4339 518 4389 illud
510 4356 617 4404 ras,q
626 4342 690 4391 uod
712 4348 762 4391 est
778 4343 816 4392 eb

336 4404 528 4459 homiuibus
547 4408 816 4472 constitutumve

874 2520 907 2566 at
941 2532 1020 2566 vero
1055 2517 1238 2567 secundum
1273 2524 1353 2567 natu·

873 2599 940 2632 ram
956 2583 1014 2633 illi
1038 2589 1178 2650 egerunt
1196 2592 1299 2651 atque
1319 2602 1354 2636 ex

872 2651 948 2732 lege
965 2657 1112 2702 naturae.
1130 2650 1354 2735 Hincseqq.ua1d

875 2716 958 2778 νόμον
988 2737 1017 2800 γε
1047 2724 1091 2784 τῆε
1116 2718 1226 2782 odoros
1248 2728 1355 2772 tantum-

873 2786 949 2836 modo
975 2784 1058 2847 νόμον
1078 2793 1106 2838 et
1128 2785 1214 2851 φύσιν
1241 2791 1311 2841 inter
1330 2805 1354 2839 se

873 2854 969 2918 opponi
992 2854 1140 2906 ostendunt.
1174 2857 1267 2921 Itaque
1284 2857 1353 2908 falli·

872 2929 914 2971 tur
936 2923 981 2986 qui
1009 2919 1055 2988 τὴν
1078 2941 1124 2973 του
1148 2923 1252 2975 δικαίου
1276 2923 1355 2988 φύσιν

872 2990 1056 3054 interpretatur
1082 2997 1234 3043 naturam
1259 2994 1354 3054 iuris,

873 3057 905 3107 de
922 3073 975 3122 qua
992 3074 1026 3109 ne
1047 3060 1157 3124 cogitari
1180 3060 1287 3124 quidem
1304 3067 1355 3125 pot-

872 3131 919 3186 est,
946 3141 1025 3189 quum
1044 3131 1098 3176 tota
1115 3126 1166 3177 hac
1163 3128 1355 3212 disputatione

873 3189 900 3243 τδ
918 3191 981 3242 κατὰ
1001 3190 1084 3254 νόμον
1101 3201 1127 3244 ot
1145 3191 1171 3244 τδ
1190 3193 1256 3246 κατὰ
1274 3213 1355 3258 φυσιν

872 3262 939 3309 inter
969 3276 997 3310 se
1026 3268 1191 3344 opponantur
1224 3280 1310 3329 neque
1340 3261 1355 3330 ἡ

873 3333 919 3377 τοῦ
937 3326 1037 3378 δικαίου
1059 3327 1139 3392 φύσιε
1156 3347 1270 3395 usquam
1290 3347 1354 3384 com·

871 3402 1033 3446 memoretur.
1072 3398 1129 3449 Nec
1154 3413 1216 3448 vero
1245 3400 1336 3450 ulla‘
1328 3415 1354 3448 ur

871 3463 920 3512 hac
935 3465 1112 3546 oppositione
1116 3467 1185 3516 inest
1201 3465 1355 3528 obscuritas,

871 3545 950 3594 quum
959 3533 1026 3610 ‘ipsa
1042 3549 1084 3582 res
1104 3534 1157 3582 iam
1176 3541 1256 3585 antea
1272 3504 1355 3585 decla,

871 3604 927 3647 rata
944 3599 1019 3664 sitp
1021 3599 1104 3652 .482.
1121 3601 1152 3650 E.
1177 3617 1301 3667 seqq.—
1266 3604 1355 3653 —De

870 3666 981 3715 formula
999 3666 1089 3717 nal*
1062 3687 1094 3734 νη
1111 3685 1146 3728 μα
1136 3665 1213 3719 “’Δια
1226 3671 1277 3735 (sic
1288 3671 1355 3720 enim

870 3733 1233 3800 corrigendum)v.Fritsch.
1240 3739 1356 3801 Quaestt

870 3801 1037 3867 Luciann.p
1039 3802 1115 3854 .15o
1139 3819 1192 3868 seq.
1228 3806 1355 3856 Addimus

869 3818 1043 3935 Aristoph.
1070 3871 1137 3920 Avv.
1159 3870 1263 3924 τ.ὂ77.
1282 3872 1356 3925 1144.

870 3938 953 3988 Rann.
985 3954 1010 3986 v.
1037 3936 1096 3990 861.
1120 3938 1160 3989 ed.
1185 3940 1265 3991 Diod.
1288 3942 1357 3993 infre

870 4020 904 4085 p
913 4002 971 4054 527
990 4006 1022 4054 D.

889 4067 925 4120 ὃν
944 4067 1230 4137 ἦμειετιθὲμοθα·
1244 4074 1355 4142 πλαττ.]

870 4139 979 4189 Nihil
971 4157 998 4189 m
1033 4141 1075 4190 his
1103 4140 1161 4191 loco
1190 4144 1356 4206 movendum,

869 4207 1006 4259 dummodo
1036 4207 1111 4258 colon
1141 4216 1202 4273 post
1227 4211 1355 4272 τιθέμεθα

869 4276 996 4324 inferatur
1017 4281 1043 4324 et
1061 4276 1103 4326 καὶ
1127 4284 1188 4340 post
1211 4275 1299 4342 ὥσπερ
1317 4279 1354 4329 λε’-

869 4360 945 4394 orror
975 4359 1033 4393 cum
1059 4342 1132 4392 codd
1155 4361 1218 4399 mss
1251 4348 1355 4412 optimis

869 4416 894 4459 et
917 4411 1036 4475 plurimis
1058 4411 1354 4469 eiiciatur.1taeuiu
