3242 5259
482 597 665 658 GORGIAS.
687 600 721 658 P.
745 602 816 657 524.
838 599 883 658 ed.
906 599 950 659 st
1161 603 1220 657 885

200 767 283 827 λοιν.
307 760 436 826 ἐπειδὰν
456 760 490 824 δὲ
510 762 711 843 διαλυθῆτον
731 766 795 842 ἄρα
815 762 870 825 ἅττ’
891 762 1053 845 ἀλλήλοιν,
1078 761 1119 824 οὐ
1139 759 1224 824 πολὺ

200 851 301 945 ἦττον
322 858 475 943 ἑκάτερον
496 861 612 923 αὐτοῖν
638 855 699 941 ἔχει
727 858 788 943 τὴν
816 857 882 938 ἕξιν
909 857 970 943 τὴν
991 859 1093 923 αὐτοῦ
1121 858 1223 942 ἥνπερ

203 957 258 1024 καὶ
278 957 332 1022 ὅτε
353 956 405 1041 ἔζη
434 958 453 1022 ὁ
479 949 670 1039 ἅνθρωπος,
698 959 736 1022 τό
761 981 795 1022 τε
827 967 919 1041 σῶμα
946 957 1007 1040 τὴν
1033 958 1135 1040 φύσιν
1162 955 1224 1040 την

208 1057 308 1121 αὑτοῦ
335 1056 390 1120 καὶ
416 1056 456 1120 τὰ
483 1056 713 1138 θεραπεύματα
740 1057 794 1119 καὶ
823 1056 864 1120 τὰ
882 1059 1076 1140 παθήματα,
1107 1052 1225 1139 ἔνδηλα

206 1157 321 1220 πάντα.
350 1147 424 1218 οἷον
454 1153 485 1217 ελ
501 1177 590 1229 τινος
617 1151 699 1235 μέγα
728 1147 827 1235 ἦντὸ
847 1159 940 1236 σῶμα
960 1155 1055 1232 φύσει
1075 1154 1097 1236 ἢ
1117 1159 1275 1237 sperono

205 1253 417 1336 ἢᾶμφότεοα
444 1255 581 1329 ζῶντος,
610 1252 731 1316 τούτου
766 1251 820 1315 καὶ
853 1251 981 1317 ἐπειδὰν
1014 1253 1169 1337 οἶαοθοὲνη
1205 1254 1224 1317 ὁ

204 1350 321 1432 νεκρὸς
349 1350 462 1432 μέγας·
491 1349 546 1413 καὶ
572 1350 600 1413 al
625 1351 745 1433 παχύς,
773 1349 876 1432 ταχὺς
901 1350 955 1415 καὶ
985 1351 1223 1428 αποθανόντος,

204 1448 260 1513 καὶ
280 1442 381 1512 τᾶλλα
407 1447 519 1523 οὕτως.
548 1448 603 1512 καὶ
631 1450 658 1512 sl
678 1443 720 1512 αὖ
742 1447 910 1531 ἐπετήδευε
930 1459 1053 1530 κομᾶν,
1083 1452 1224 1534 κομήτης

204 1548 328 1610 τούτου
355 1546 408 1610 καὶ
429 1547 448 1610 ὁ
468 1548 590 1628 νεκρός.
620 1550 786 1629 μαστιγίας
815 1541 858 1610 αὖ
879 1548 909 1611 εἴ
934 1570 982 1623 τις
1001 1542 1044 1631 ἦν
1071 1546 1125 1612 καὶ
1152 1549 1224 1632 ἴχνη

204 1639 270 1728 εἶχε
290 1647 358 1708 τῶν
377 1649 509 1728 πληγῶν
529 1645 628 1720 οὐλᾶς
656 1643 692 1710 ἐν
719 1649 764 1730 τῷ
784 1646 907 1728 σώματι
926 1646 947 1730 ἢ
977 1647 1043 1711 ὑπὸ
1059 1647 1224 1730 μαστίγων

257 1925 289 1974 Β
307 1921 443 1974 τοιόνδε
461 1941 486 1973 τι
504 1921 695 1990 λογίζομαι]
714 1923 836 1974 Accessit
851 1942 874 1974 τι
891 1941 924 1975 ex
942 1924 1079 1976 codafere
1096 1927 1225 1976 omnibus.

259 2055 295 2109 ro'
313 2076 344 2108 rs
362 2064 449 2120 σῶμα
468 2055 525 2141 τὴν
545 2057 597 2142 φ.]
601 2059 734 2109 Hensdius
752 2059 917 2110 scribendum
934 2058 1090 2124 putabat'
1062 2079 1089 2110 ro
1108 2079 1134 2110 rs
1152 2066 1226 2122 σῶμα

206 2127 250 2178 καὶ
269 2123 374 2193 ἡψυχὴ
397 2123 444 2192 τὴν
467 2123 550 2190 φύσιν
573 2125 620 2195 τὴν
637 2123 726 2177 αὑτοῦ.
770 2128 852 2177 Cuius
875 2127 996 2177 lectionis
1019 2129 1159 2194 vestigium
1181 2145 1226 2178 ex-

209 2203 278 2247 stare
295 2195 404 2261 putabat
420 2195 491 2260 apud
506 2195 661 2258 Eusebium,
679 2195 725 2245 ubi
741 2202 800 2261 post
819 2194 847 2246 τό
864 2212 891 2245 τε
909 2200 982 2256 σῶμα
998 2195 1113 2246 additum
1130 2198 1226 2263 legitur

210 2267 262 2314 καί.
294 2263 347 2314 Sed
364 2279 416 2314 non
435 2279 500 2328 opus
516 2265 659 2315 mutatione
676 2263 739 2314 ulla.
757 2280 781 2314 v.
800 2264 877 2314 infra

208 2533 276 2568 rum.
293 2515 426 2566 Charmid.
443 2530 469 2580 p
486 2512 596 2566 1531).
617 2516 694 2565 εἴτι-

213 2601 258 2637 νος
275 2582 307 2634 ἐν
324 2579 413 2636 αὐτοῖς
428 2581 631 2669 &armipotens
615 2602 631 2648 η
651 2599 694 2634 oo-

210 2648 302 2719 φίᾳ
270 2671 303 2734 η
324 2647 446 2702 κᾶλλοι
430 2670 445 2716 η
467 2648 604 2714 ἀμφότερα
626 2650 695 2719 ἐγγα-

208 2716 319 2789 γονότοο
335 2713 399 2778 οἷον,
416 2719 463 2768 ubi
480 2736 505 2769 v.
522 2719 694 2771 Heindorf.

209 2789 294 2839 Plura
315 2787 432 2838 dedimus
455 2787 489 2838 ad
512 2789 624 2854 Aolog.
650 2788 695 2838 So·

210 2863 274 2907 crat.
304 2871 328 2922 p.
353 2853 394 2909 22.
416 2855 504 2905 Ε-
531 2803 695 2921 ἕνολρός

211 2940 285 2974 οοοο
298 2930 337 2974 est
353 2923 504 2986 cadaver,
521 2939 583 2986 non,
599 2930 696 2989 utper·

745 2531 778 2581 pe
807 2520 947 2566 occurrunt
974 2515 1146 2580 explicatione
1173 2532 1225 2566 non

746 2583 841 2633 addita.
877 2600 903 2634 r.
936 2584 1156 2634 Hemsterhus.
1193 2584 1226 2634 ad

747 2653 854 2702 anian.
872 2652 941 2704 Dial.
960 2653 1036 2702 Mort.
1053 2653 1148 2702 XXVI.
1159 2654 1182 2714 §-
1193 2651 1228 2714 1.,

745 2720 792 2770 ubi
805 2720 922 2770 Platonis
939 2720 1011 2771 hunc
1027 2720 1114 2770 locum
1132 2721 1226 2784 attulit,

746 2789 777 2838 de
799 2787 890 2838 fraude
913 2793 999 2837 tamen
1023 2789 1090 2839 nihil
1113 2790 1228 2855 suspica·

745 2856 811 2906 tusl’
828 2856 869 2906 Ad
886 2857 1229 2922 haecpraeclareSehae·

746 2925 839 2974 ferus
856 2924 944 2975 Melet
963 2927 1018 2975 crit.
1035 2940 1061 2991 p.
1079 2924 1143 2976 101:
1162 2925 1228 2988 ‚Mi-

212 3008 305 3058 peram
321 2992 457 3057 explicant,
480 2991 595 3041 umbra
617 3009 695 3043 mor·

214 3061 269 3116 tui
305 3075 324 3109 s.
354 3075 472 3110 manos.
512 3060 695 3125 Euripides

746 2993 788 3042 hi”
795 3031 801 3056 ,
819 2994 918 3057 inquit,
943 3009 1033 3054 ,secus
1051 2994 1162 3056 videtur,
1179 3010 1228 3044 nec

746 3061 1133 3126 mirorHemsterhusinm‚
1147 3077 1228 3127 quum

214 3126 312 3178 Troad.
329 3140 352 3176 v.
371 3126 417 3178 91:
443 3127 543 3177 πολλῶν
558 3126 696 3179 θανόντων
747 3129 818 3179 hunc
836 3128 952 3179 Platonis
976 3130 1062 3180 locum
1085 3132 1112 3180 in
1136 3132 1229 3181 Lucia·

216 3191 340 3257 σώμαθ’
358 3195 467 3258 ἕξουσιν
485 3200 620 3259 νεκρῶν.
644 3198 803 3247 Densis
834 3198 948 3259 afferret,
982 3197 1014 3247 de
1046 3198 1136 3247 fraude
1161 3198 1229 3248 nihil

215 3263 275 3314 inde
299 3262 332 3313 ad
355 3264 407 3313 aul
430 3262 464 3314 al
485 3260 588 3326 παχύς
613 3265 696 3314 intell.
748 3266 907 3329 suspicatum
926 3280 990 3314 esse.
1026 3267 1142 3315 Primum
1160 3268 1229 3316 enim

215 3327 408 3383 ὁᾶτοθανολν.
448 3333 488 3382 Ita
511 3332 612 3382 videbis
635 3346 696 3382 con·
747 3347 869 3414 compara
890 3332 955 3382 mihi
978 3331 1077 3392 locum,
1101 3333 1147 3395 qui
1168 3349 1229 3382 mox

214 3401 288 3451 tinuo
311 3399 462 3481 neutiquam
486 3414 551 3464 opus
574 3416 645 3463 esse,
667 3406 697 3451 ut
747 3402 877 3464 sequitur·
907 3397 1027 3449 κατεῖδεν
1049 3369 1131 3449 aiolo
1159 3396 1230 3465 νγιὲτ

213 3469 256 3517 hic
284 3483 331 3533 pro
359 3463 440 3532 παχύς
467 3468 594 3518 scribatur
621 3486 696 3532 ταχυ,
748 3465 780 3518 ὃν
797 3473 843 3533 τῆς
859 3473 955 3533 ψυχῆς,
981 3462 1043 3517 α’λλὰ
1067 3466 1229 3528 διαμομαοτι-

214 3535 284 3600 quod
301 3551 385 3600 nuper
401 3551 531 3586 nonnemo
548 3552 595 3587 suo
613 3539 696 3587 Marte
747 3535 868 3602 γωμὲνην
885 3537 927 3585 καὶ
950 3533 1038 3587 οὐλῶν
1059 3533 1156 3602 μεστὴν
1179 3536 1228 3585 κτλ.

213 3604 322 3654 Platoni
354 3604 503 3668 impertivit.
556 3605 696 3655 Enimvero
748 3604 799 3654 Hic
844 3604 917 3654 loeus
967 3620 1000 3653 ex
1045 3604 1092 3654 illo
1136 3605 1230 3669 priore,

214 3674 264 3722 iste
288 3687 342 3722 non
369 3671 551 3722 animadvertit
574 3673 696 3723 continuo
748 3688 823 3737 quern
850 3672 1019 3790 philosophus
1049 3672 1231 3723 illustrationis

214 3740 320 3790 inferri.
339 3739 382 3789 nol
400 3739 427 3789 al
443 3758 476 3789 αν
468 3730 635 3804 ἐπετήδευε
652 3759 696 3791 κο-
748 3757 809 3806 crgo
831 3741 978 3806 praemisit,
1008 3746 1062 3790 tam
1089 3747 1178 3825 aptus
1188 3756 1231 3790 ne-

214 3813 267 3869 μᾶν
285 3825 309 3860 κ
328 3824 347 3855 τ.
365 3808 386 3856 λ.
404 3808 501 3857 Verum
518 3811 601 3875 magis
619 3809 696 3858 etiam
748 3824 850 3873 xusqne
868 3815 916 3871 eet,
933 3815 963 3859 ut
965 3825 1068 3873 ,quum
1086 3810 1129 3859 hic
1147 3803 1232 3858 ονλων

214 3876 260 3926 ille
303 3874 431 3925 desaeviit
474 3876 562 3932 eiectis
609 3876 697 3926 verbis
748 3877 836 3943 legas,
864 3877 921 3927 illic
947 3873 1026 3929 ovla's
1049 3876 1232 3943 significantis·

213 3944 257 3994 καὶ
275 3938 516 3996 ἇποθανόντος.-
532 3944 583 3993 καὶ
603 3937 697 3994 τᾶλλα
748 3946 814 3996 μίτον
841 3946 953 4010 positum
983 3945 1096 3996 fatearis
1131 3944 1232 3995 Deinde

215 4009 334 4070 oinos,
352 4026 390 4061 sc.
409 4011 465 4098 ἔχει
481 4027 506 4060 v.
524 4028 549 4077 p.
566 4011 624 4066 509.
644 4012 673 4063 C.
748 4009 829 4066 οὐλάς
846 4013 954 4063 verbum
977 4020 1016 4064 eet
1040 4015 1078 4063 ita
1102 4029 1232 4077 compara·

246 4073 698 4164 καλῖχνηοῖχοτῶνπληγοῖν
749 4087 816 4144 turn,
844 4081 904 4131 ut
896 4098 924 4130 ιο
950 4097 1004 4131 nna
1029 4081 1169 4145 eademque
1195 4081 1232 4130 di·

216 4144 333 4214 ovida]
375 4146 416 4197 sd
445 4148 510 4198 haec
538 4149 698 4198 Heindor-
749 4148 1233 4230 ctioneiuxtatpvprovutpyoivsa·

215 4216 299 4266 iius.
319 4214 449 4276 „Dubito”
451 4217 587 4280 ,inquit,‚
589 4216 697 4267 verbum
749 4217 783 4267 tis
805 4216 938 4267 commode
960 4223 1028 4266 stare
1041 4219 1140 4302 possit.
1173 4217 1233 4267 Ete-

217 4279 296 4336 ovlris
314 4300 348 4334 an
367 4301 383 4332 a
399 4283 542 4349 glossatore
555 4285 697 4349 profectum
749 4286 803 4335 nim
816 4301 899 4348 neque
910 4301 999 4335 omnes
1016 4281 1090 4335 eolat
1103 4291 1164 4336 sunt
1177 4301 1233 4336 eae·

192 4353 257 4402 'sit
284 4353 326 4402 Ita
343 4347 374 4400 τὰ
391 4350 450 4416 ἱχνη
467 4357 518 4401 τῶν
535 4350 698 4415 τραυμάτων,
749 4352 807 4402 dem
835 4352 970 4402 verberum
999 4354 1122 4419 vestigia
1148 4370 1234 4419 neque

218 4426 271 4470 τῶν
290 4420 407 4486 πληγῶν,
425 4425 477 4470 τῶν
491 4418 627 4470 κονδύλων
645 4436 699 4471 sse·
749 4422 858 4472 verbera
874 4437 975 4487 semper
991 4427 1045 4472 tam
1063 4423 1203 4473 atrociter
1195 4439 1235 4473 rn-
