3242 5259
556 618 739 680 GORGIAS.
760 621 793 678 P.
817 625 888 678 484.
910 621 956 680 ed.
980 621 1022 681 St.
1236 627 1297 682 203

282 782 459 863 πριάμενος
478 786 552 847 οὔτε
573 782 687 857 δόντος
706 791 766 846 τοῦ
777 783 951 866 Γηρυόνου
971 783 1110 866 ἠλάσατο
1131 785 1188 861 τὰς
1208 788 1297 868 βοῦς,

282 880 325 954 ὡς
345 880 467 944 τούτου
486 884 582 956 ὄντος
601 890 659 945 τοῦ
679 880 808 945 δικαίου
824 881 930 962 φύσει,
951 882 1004 946 καὶ
1025 883 1106 963 βοῦς
1125 881 1179 946 καί
1198 872 1299 948 τᾶλλα

280 979 426 1061 κτήματα
453 972 536 1043 εἶναι
563 980 670 1044 πάντα
696 988 757 1043 τοῦ
785 979 948 1061 βελτίονός
973 1002 1006 1043 τε
1034 978 1089 1044 καὶ
1115 980 1298 1061 κρείττονος

280 1078 320 1141 τὰ
347 1083 414 1144 των
439 1082 594 1163 χειρόνων
619 1102 652 1144 τε
682 1080 736 1143 καί
762 1081 916 1162 ηττόνων.
962 1077 1041 1168 (lep.
1063 1080 1137 1147 XL.
1180 1081 1297 1164 τὸμὲν

280 1171 343 1241 οὖν
382 1177 501 1260 ἀληθὲς
541 1176 645 1253 οὕτως
687 1174 766 1261 ἔχει,
815 1180 933 1261 γνώσει
974 1180 1026 1256 δὲ,
1076 1179 1117 1243 ἂν
1164 1179 1216 1244 ἐντί
1256 1179 1296 1244 τὰ

280 1276 375 1358 μείζω
403 1272 502 1358 ἔλθῃς
533 1273 629 1350 ἒιίσας
664 1276 725 1358 ἤδη
758 1278 968 1359 φιλοσοφίαν.
1016 1275 1194 1360 φιλοσοφία
1231 1279 1297 1360 γάρ

280 1374 332 1438 τοί
352 1371 455 1449 ἐστιν,
487 1365 720 1456 ὦΣωιιρατις,
747 1375 875 1458 χαρίεν,
903 1379 946 1440 ἄν
966 1398 1014 1451 τις
1034 1377 1136 1441 αὐτοῦ
1162 1377 1297 1458 μετρίως

280 1471 404 1554 ἅψηται
439 1469 474 1534 ἐν
508 1482 546 1555 τη
580 1472 705 1556 ἡλικία·
746 1471 803 1537 ἐὰν
840 1471 875 1538 δὲ
903 1472 1081 1555 περαιτέρω
1114 1481 1174 1539 τοῦ
1210 1474 1296 1538 δέον-

279 1593 335 1644 τος
366 1568 571 1653 ἐνόιατρίφη,
613 1569 780 1653 διαφθορὰ
815 1575 881 1636 τῶν
912 1571 1106 1652 ἀνθρώπων.
1148 1571 1206 1637 ἐὰν
1234 1572 1297 1655 γὰρ

280 1863 331 1919 tur,
349 1860 380 1906 ut
396 1853 451 1923 ἄγα
468 1856 576 1908 δικαιῶν
592 1856 728 1908 scribetur.
772 1859 806 1908 lit
823 1857 902 1910 hebet
918 1861 977 1910 Per.
995 1859 1026 1913 V.
1044 1861 1073 1910 in
1089 1875 1172 1927 merg.
1189 1860 1298 1913 δικαιοῦν

283 1922 310 1974 τό
334 1922 491 1990 βιαιότατον.
526 1926 596 1975 Ηίιιο
620 1926 782 1992 reposuimus
804 1927 873 1991 quod
895 1928 972 1978 unice
996 1944 1086 1979 verum
1103 1929 1211 1980 videtur.
1246 1931 1297 1980 Pro

280 1990 427 2061 Ἠρακλέος,
445 1993 514 2058 quod
531 1994 637 2058 plurimi
654 1993 727 2045 codd.
746 1993 857 2057 hebent,
880 2002 942 2046 vett.
960 1995 1031 2049 editt.
1049 1993 1211 2061 Ἡρακλέους.
1246 1999 1296 2048 Pro

280 2063 352 2128 vulg.
370 2064 440 2126 χειρί
454 2062 511 2112 Per.
529 2063 561 2112 V.
578 2066 643 2127 χερί.
678 2062 728 2113 Sed
745 2079 769 2116 ν.
789 2063 902 2114 Boeckh.
925 2063 958 2113 ed
975 2064 1051 2114 Pind.
1076 2067 1107 2115 T.
1125 2065 1173 2115 111.
1195 2082 1221 2131 p.
1238 2064 1296 2117 642.

281 2130 378 2198 Bergk.
397 2131 469 2181 Poet.
485 2129 534 2196 lyr.
552 2145 578 2196 p.
594 2127 653 2182 263.

280 2401 345 2481 quid
363 2398 495 2480 exciderit,
514 2400 611 2518 amlgigi
624 2401 700 2482 etiem
712 2415 764 2450 me·
816 2415 841 2451 v.
863 2400 996 2482 Heeiod.
1021 2401 1120 2468 Theog.
1145 2417 1170 2450 v.
1188 2399 1247 2452 289.
1271 2409 1297 2452 et

279 2473 449 2587 ςιςςιι
466 2469 570 2600 ...ιιι
592 2468 706 2602 ηις
721 2484 765 2587 ς
816 2467 1304 2590 352el1z‘e¹·..t⁰27¹l.itt3.

280 2604 376 2670 perditi
403 2605 514 2654 alicuius
542 2605 664 2655 vocabuli
687 2606 764 2656 veeti-
816 2601 943 2668 elopodiae
965 2605 1034 2670 finge
1052 2604 1189 2656 Calliclem
1213 2606 1297 2657 hceei·

279 2674 369 2739 gium,
399 2688 482 2737 neque
506 2672 764 2738 olympiodorus
816 2680 885 2722 taceo
902 2687 951 2722 nec
975 2673 1062 2724 stetim
1084 2674 1242 2734 innuentem
1258 2691 1297 2725 re-

280 2741 424 2806 quidquem
434 2741 556 2792 habuisse
567 2741 678 2803 videtur,
696 2741 764 2806 quod
816 2755 910 2790 vocure
918 2742 1033 2806 potuisse
1050 2756 1090 2804 ee,
1107 2758 1175 2807 quae
1186 2744 1296 2794 recitare

279 2811 309 2858 in
327 2811 422 2859 nostrie
436 2809 573 2860 librienon
585 2815 764 2859 conservulum
815 2806 1009 2860 vellet—odet
1026 2808 1215 2872 ἐπίσταμαι,
1233 2827 1295 2861 non

279 2878 323 2927 eit.
359 2878 429 2927 Fieri
445 2883 529 2927 temen
550 2883 640 2942 potest,
658 2882 687 2926 ut
705 2877 764 2928 Cel·
815 2878 1296 2941 teneomemorie‚ut1²heedon.

279 2944 357 2994 licles
381 2945 487 2995 Pindari
514 2961 604 3001 vereuc
627 2962 680 2996 non
707 2946 763 2996 eine
815 2944 954 3010 p.61.1³:
976 2943 1023 2999 οὓς
1048 2950 1205 3032 προχείρους
1226 2941 1298 3012 τίχον

279 3013 425 3064 mutatione
442 3013 550 3063 efferens
567 3019 626 3078 poet
642 3017 711 3079 φησί
725 3014 763 3063 in·
815 3014 858 3063 καὶ
876 3009 1024 3080 ἠπιστάμην
1040 3015 1144 3075 puniceo
1162 3013 1223 3070 νοός
1246 3016 1295 3066 Αί-

279 3082 436 3146 imposuerit
460 3078 552 3143 φόσει,
575 3081 764 3162 quodpropter
817 3080 917 3132 οιόιιου.
951 3084 1054 3149 Proteg.
1077 3081 1136 3134 339.
1159 3085 1195 3134 B:
1222 3089 1297 3135 τοῦτο

281 3151 426 3199 litterarum
459 3148 655 3199 similitudmem
686 3149 763 3200 focile
816 3148 951 3199 ότιίοταοαι
968 3149 995 3200 nl
1014 3143 1098 3216 ᾇομιι;

279 3217 367 3283 potuit
384 3215 417 3266 eb
435 3216 550 3267 librariis
572 3217 677 3282 negligi.
712 3216 763 3267 Sed
850 3214 890 3270 oio
908 3215 1026 3269 τούτου
1050 3214 1148 3272 ὄντος
1172 3225 1228 3271 τοῦ
1252 3220 1295 3271 δι·

279 3290 340 3334 utut
362 3290 415 3346 eet,
442 3284 508 3334 illud
535 3285 639 3349 quidem
664 3290 763 3334 eertum
816 3284 926 3351 καιόυ]
950 3284 1120 3335 Referendum
1144 3293 1184 3337 eet
1202 3286 1296 3338 τοῦτον

280 3352 445 3414 arbitramur,
460 3351 594 3403 Calliclem
606 3352 693 3402 locum
703 3353 763 3402 Pin·
815 3353 848 3402 ed
865 3355 983 3418 proxime
1004 3354 1084 3403 verbe
1106 3354 1149 3402 καί
1168 3355 1234 3417 βοῦς
1252 3356 1295 3406 καλ

280 3421 398 3471 dericum
413 3421 441 3469 in
458 3436 511 3470 rom
529 3436 602 3472 suem
621 3436 763 3471 accommo-
816 3413 890 3471 τᾶλλα
907 3418 1017 3487 κτήματα
1034 3413 1103 3470 εἶναι
1120 3437 1142 3471 ιι.
1161 3439 1180 3470 ι.
1199 3424 1219 3471 λ.
1245 3424 1296 3474 Hie

279 3490 386 3539 dantem
409 3488 494 3554 legem
517 3494 625 3538 naturee
651 3488 763 3555 intelligi
815 3490 885 3538 enim
901 3489 1007 3539 uberius
1023 3488 1178 3553 explicetur.

280 3557 350 3606 velle
372 3562 450 3620 utque
468 3558 629 3622 potissimum
648 3563 764 3606 extrema
866 3558 930 3622 Cap.
959 3558 1015 3606 XL.
1045 3557 1074 3608 Ο.
1110 3557 1297 3620 φιλοσοφία

280 3625 345 3675 haec
364 3622 420 3674 ἐπεὶ
439 3621 565 3689 ολπριυίιας
582 3640 674 3690 urgere
686 3631 763 3690 etque
814 3622 874 3690 γάρ
904 3628 956 3675 τοί
985 3624 1078 3676 ἐστιν
1105 3652 1140 3663 -
1166 3624 1295 3692 χαρίεν]

279 3692 433 3757 diligentius
459 3693 487 3742 in
510 3707 584 3742 suam
607 3693 763 3743 sententiam
815 3693 957 3758 Exspectee
985 3696 1077 3758 χαρίεν
1105 3711 1133 3742 τι.
1169 3694 1220 3743 Sed
1241 3709 1294 3744 non

280 3760 452 3825 interpretari.
495 3760 603 3811 Sensum
625 3760 763 3811 verborum
815 3776 887 3826 opus.
905 3776 930 3814 τ.
956 3761 989 3812 ed
1007 3762 1125 3827 Sympos.
1147 3777 1172 3827 p.
1189 3759 1223 3812 2?
1240 3776 1295 3826 seq.

281 3827 496 3879 Boeokhius
536 3830 573 3878 ite
606 3829 762 3894 explicavit:
814 3829 949 3879 Lucion.
974 3830 1043 3881 Diel.
1066 3828 1294 3891 More.xx11‚o.

282 3896 430 3957 „Fatalis
471 3895 527 3945 lex
568 3897 664 3946 etiem
698 3898 762 3946 vim
816 3898 879 3948 Mox
907 3893 990 3964 ἡλικία
1018 3899 1050 3948 de
1075 3904 1159 3948 eetete
1185 3897 1296 3948 iuvenili

280 3965 451 4014 maximum
489 3964 589 4013 effert
628 3980 762 4030 eamque
815 3965 956 4032 intelliges,
974 3973 1004 4016 ut
1020 3969 1048 4016 in
1065 3964 1225 4017 formuleelo
1242 3961 1294 4030 ἡλι-

280 4032 403 4083 iuetem
431 4031 561 4094 efficit,
590 4048 686 4096 quum
710 4034 763 4083 hu·
815 4037 877 4083 ιιίαν
898 4033 982 4102 ἥιιοιν,
1012 4034 1044 4085 de
1071 4049 1122 4098 que
1149 4049 1174 4081 v.
1200 4033 1296 4082 Hein-

279 4117 375 4150 mana
397 4100 530 4150 ratione
560 4100 605 4150 sit
627 4102 761 4163 iniuste,
815 4102 895 4151 dors.
914 4098 1180 4161 adChermid.§.3.
1203 4102 1295 4165 Iteque

279 4169 360 4234 quie
382 4167 464 4232 quod
492 4183 613 4217 summe
635 4168 688 4218 lex
711 4170 763 4218 im·
816 4165 908 4232 πόρ’ῥω
940 4173 982 4232 τῆς
1012 4165 1109 4233 ἡλικίας
1137 4174 1176 4218 eet
1203 4168 1295 4219 ultre

279 4237 428 4302 peravit,
452 4236 515 4285 etsi
534 4236 695 4286 iniustum
712 4253 762 4286 no·
815 4238 1031 4286 iuventutem.
1054 4237 1086 4284 P.
1105 4232 1164 4285 485.
1187 4238 1224 4286 Αι
1250 4239 1293 4287 nal

278 4304 330 4354 bis
353 4319 427 4354 esee
450 4303 616 4367 videatur,
639 4305 763 4355 iustum
815 4301 863 4354 οόκ
877 4298 988 4367 αἰσχρὸν
1004 4305 1130 4368 μειρακίῳ
1148 4299 1203 4354 ὄντι
1221 4307 1294 4368 φιλο·

280 4373 327 4422 sit
357 4387 496 4423 necesse
529 4372 601 4425 esest*
639 4373 680 4421 De
713 4374 763 4423 Ge-
816 4377 920 4430 οοφεῖν.
942 4371 982 4420 De
999 4371 1129 4420 sententie
1145 4386 1170 4422 v.
1187 4373 1228 4424 De
1245 4374 1294 4429 Re-

279 4440 371 4509 ryonie
383 4438 495 4492 bovibus
513 4438 546 4491 eb
557 4439 672 4492 Hercule
682 4441 762 4508 reptio
812 4439 884 4508 publ.
901 4438 946 4489 VI.
963 4454 988 4508 p
1006 4435 1116 4492 4821).
