3242 5259
552 602 608 660 AD
630 601 817 662 GORGIAM
835 603 1038 663 PLATONIS.
1258 609 1296 664 ol

278 770 387 847 pediit,
415 790 454 828 ne
474 772 600 847 populus
620 771 651 828 in
673 772 812 846 suffragia
833 771 1013 843 mitteretur,
1039 777 1075 831 ut
1094 772 1204 832 scilicet
1224 773 1299 831 vita·

278 861 363 914 retur
397 855 561 915 iniustitiae
597 857 722 915 dedecus
757 862 788 916 et
814 857 982 931 ignominia,
1017 857 1091 915 conf.
1126 858 1298 933 Xenoph

279 941 399 999 Hellen.
429 942 454 1013 I,
485 941 519 1012 7,
550 946 676 1000 9-16.
706 941 769 999 coll.
791 943 878 999 Mem.
900 943 953 1012 IV,
979 947 1014 1011 4,
1045 945 1072 998 2.
1094 946 1125 1000 et
1152 943 1299 1001 Platon.

279 1024 406 1100 Apolog.
428 1026 538 1084 Socrat.
558 1046 586 1102 p.
604 1031 651 1084 32.
673 1027 706 1083 B.
729 1026 760 1083 0.
773 1026 820 1098 D,
841 1046 899 1104 quo
919 1027 981 1083 loco
1002 1026 1135 1085 Socrates
1154 1027 1216 1102 ipse
1237 1047 1300 1085 rem

278 1110 409 1168 dilucide
431 1110 559 1186 exponit
602 1111 703 1169 Habes
724 1129 794 1170 vero
821 1111 881 1168 iam
900 1129 1014 1169 omnem
1034 1111 1207 1169 indiciorum
1226 1116 1299 1171 tem·

278 1195 359 1271 poris
380 1195 414 1252 in
434 1195 542 1269 Gorgia
555 1195 707 1254 obviorum
727 1195 900 1255 varietatem
921 1201 952 1254 et
964 1195 1189 1268 multitudinem,
1211 1216 1300 1275 quam

279 1285 360 1338 certe
380 1284 496 1338 tantam
524 1299 587 1338 esse
615 1283 750 1355 apparet,
779 1283 815 1338 ut
841 1280 920 1338 haud
948 1299 1018 1338 sane
1045 1280 1152 1338 mirum
1180 1282 1299 1353 accidat,

278 1365 360 1442 quod
380 1363 440 1424 viri
460 1363 618 1423 doctissimi
646 1364 678 1422 in
705 1363 876 1423 definiendis
905 1364 1040 1442 colloquii
1068 1365 1300 1442 temporibusin

279 1453 380 1524 partes
402 1449 474 1507 adeo
495 1449 625 1508 diversas
647 1449 790 1519 abierunt,
811 1454 847 1508 ut
867 1451 903 1507 ad
924 1449 1003 1506 huno
1023 1469 1117 1527 usque
1138 1450 1215 1509 diem
1228 1451 1299 1529 quid

277 1535 405 1592 tandem*
421 1534 464 1592 rei
485 1533 524 1593 sit
544 1534 673 1591 nondum
698 1534 883 1609 exploratum
910 1534 1062 1593 habeatur.
1103 1535 1300 1594 Nihilominus

278 1623 388 1688 autem,
412 1618 499 1676 sicuti
519 1619 578 1676 iam
600 1623 686 1678 antea
707 1619 880 1691 censuimus,
902 1639 1014 1677 summo
1035 1619 1215 1694 dialogorum
1230 1621 1299 1679 arti·

277 1704 326 1760 fici
348 1709 578 1762 consentaneum
600 1708 645 1762 est
665 1708 776 1763 certum
790 1703 909 1782 aliquod
922 1708 1037 1779 tempus
1057 1708 1094 1763 ob
1116 1706 1214 1764 oculos
1235 1725 1299 1764 esse

278 1792 446 1860 versatum,
476 1787 525 1846 cui
545 1807 659 1846 omnem
687 1808 849 1847 sermonem
869 1789 1140 1862 accommodaverit,
1169 1792 1299 1868 quando·

279 1873 400 1950 quidem
421 1872 550 1951 alioquin
570 1873 607 1932 de
628 1872 833 1948 artis'legibus
856 1878 953 1931 actum
973 1873 1061 1946 foret,
1083 1893 1158 1952 quae
1179 1874 1211 1932 in
1232 1894 1299 1933 oona

279 1959 375 2016 dendo
390 1957 445 2016 tali
458 1977 544 2034 opere
556 1957 718 2016 necessario
735 1958 932 2016 observandae
947 1958 1076 2017 fuerunt
1105 1958 1299 2022 Quamobrem

279 2043 339 2100 iam
359 2043 481 2101 tandem
502 2043 637 2101 accedere
657 2042 756 2102 licebit
776 2045 812 2100 cd
834 2044 1035 2118 exponendam
1056 2062 1120 2101 eam
1141 2046 1178 2103 de
1192 2045 1299 2120 dialogi

279 2127 462 2202 temporibus
476 2127 658 2199 sententiam,
680 2147 739 2205 qua
752 2129 874 2203 probata
892 2147 991 2186 omnes
1005 2128 1201 2201 difficultates,
1223 2149 1298 2207 quae

279 2212 335 2270 hac
355 2212 389 2269 in
411 2230 513 2270 caussa
532 2211 627 2269 loomn
640 2213 749 2272 habere
762 2211 843 2271 visae
864 2217 942 2284 sunt,
964 2233 1136 2273 evanescere
1149 2214 1296 2289 videntur.

285 2343 287 2347 ,
343 2297 486 2356 Fatemur
513 2300 612 2355 autem
640 2301 739 2373 aperte
767 2317 820 2355 nos
848 2297 1015 2356 etiamnunc
1042 2298 1128 2356 unice
1155 2319 1299 2375 provere

279 2384 404 2457 probare
426 2381 781 2440 Schleiermacheri
802 2386 833 2440 et
853 2382 957 2441 Astii
986 2383 1178 2455 sententiam,
1208 2385 1259 2462 qui
1280 2404 1297 2442 e

279 2467 342 2523 loco
368 2487 398 2542 p.
421 2466 491 2525 473.
513 2467 563 2538 Ε.,
592 2466 644 2524 ubi
672 2465 798 2525 Socratis
827 2471 1004 2525 memoratur
1032 2468 1183 2542 epistasia,
1213 2469 1297 2526 colle-

279 2556 389 2624 gerimt
401 2570 563 2609 sermonem
575 2550 612 2611 iis
627 2550 804 2626 temporibus
819 2570 882 2609 esse
897 2552 1074 2626 adaptatum,
1090 2571 1165 2630 quae
1172 2553 1298 2611 Athenis

280 2634 397 2713 Olymp.
420 2640 469 2708 93,
492 2641 520 2693 4.
534 2656 575 2688 =
588 2640 648 2694 405
672 2655 697 2693 a.
719 2635 785 2694 chr.
807 2640 910 2694 exorta
931 2641 1022 2708 erant,
1047 2636 1090 2694 ita
1109 2641 1144 2696 ut
1165 2638 1202 2695 ad
1230 2657 1298 2695 eum

279 2721 466 2796 potissimum
492 2739 589 2778 rerum
614 2725 724 2780 statum
752 2726 782 2779 et
803 2720 996 2779 conditionem
1022 2727 1216 2797 respectatur,
1245 2723 1297 2801 qui

279 2812 344 2864 tum
364 2805 398 2862 in
418 2805 520 2864 Attica
537 2804 686 2882 republica
713 2805 834 2883 eiusque
861 2805 1111 2865 administratione
1139 2808 1297 2867 obtinebat.

280 2890 370 2948 (iuius
393 2890 556 2949 sentcntiae
576 2895 693 2949 nostrae
715 2909 831 2948 caussas
853 2895 883 2948 et
896 2891 1023 2950 rationes
1043 2893 1098 2949 has
1114 2892 1298 2968 potissimum

279 2975 432 3034 habemus.
475 2975 605 3032 Primum
632 2974 710 3032 enim
731 2975 815 3033 Plato
843 2975 899 3032 hoc
925 2980 1041 3051 tempus
1070 2981 1131 3034 tam
1160 2978 1236 3035 clare
1264 2997 1298 3035 ac

279 3059 434 3135 perspicue
453 3059 602 3132 indicavit,
623 3065 666 3131 ut,
687 3059 712 3117 si
725 3059 812 3117 aliam
826 3078 924 3118 rerum
941 3061 1134 3120 conditionem
1148 3064 1185 3121 ob
1200 3063 1297 3121 oculos

279 3145 448 3216 habuisset,
483 3143 662 3220 ineptissime
691 3144 839 3219 scripsisse
873 3144 1084 3204 existimandus
1111 3152 1189 3206 esset
1222 3167 1297 3226 quae
1416 3185 1419 3191 ·

279 3248 307 3305 p.
330 3231 402 3288 473.
424 3229 459 3287 E.
481 3230 518 3286 de
539 3229 665 3287 Socratis
685 3248 805 3287 munere
834 3229 978 3288 senatorio
1006 3231 1141 3307 prodidit.
1183 3233 1297 3291 Deinde

280 3333 381 3372 omnes
400 3313 589 3373 difficultates
610 3313 839 3388 chronologicae,
861 3333 936 3391 quac
956 3314 1036 3374 visae
1057 3320 1139 3386 sunt,
1161 3316 1216 3374 hac
1237 3337 1297 3374 una
1418 3324 1420 3329 ’

279 3399 394 3458 ratione
414 3417 533 3474 prorsus
553 3399 704 3470 tolluntur,
727 3398 752 3456 si
773 3417 919 3457 sormones
940 3405 1005 3459 tum
1025 3418 1165 3474 ponamus
1181 3401 1297 3460 habitos

280 3502 352 3542 csse.
395 3483 531 3561 Denique
559 3483 648 3543 etiam
673 3483 803 3542 universi
832 3483 899 3542 libri
920 3489 1136 3558 argumentum,
1166 3486 1244 3563 quod
1264 3485 1296 3542 in

279 3569 410 3626 taxanda
430 3568 590 3627 recentiore
611 3568 778 3646 eloquentia
804 3572 835 3626 et
863 3574 924 3627 arte
945 3569 1063 3645 politica
1082 3574 1230 3642 versatim,
1260 3570 1296 3629 iis

279 3653 397 3710 demum
418 3653 597 3730 temporibus
624 3652 742 3712 videtur
762 3653 925 3725 convenire,
947 3654 1054 3731 quibus
1075 3654 1203 3714 novitiae
1225 3656 1297 3714 artis

281 3756 313 3795 ac
334 3737 506 3813 disciplinae
527 3737 573 3798 vis
593 3737 754 3814 perniciosa
782 3737 841 3795 iam
861 3737 893 3795 in
913 3739 1066 3815 propatulo
1093 3745 1170 3813 erat,
1199 3741 1242 3799 ita
1262 3746 1297 3799 ut

280 3823 315 3880 de
335 3822 401 3881 eius
422 3822 574 3882 effectibus
593 3842 653 3880 non
674 3821 798 3898 amplius
820 3823 948 3882 dubitari
968 3829 1079 3900 posset,
1101 3827 1179 3902 quod
1199 3825 1295 3901 ipsum

280 3907 408 3966 maxime
427 3907 504 3966 bello
524 3908 768 3983 Peloponnesiaco
795 3909 831 3965 ad
852 3908 940 3966 finem
960 3914 1100 3984 vergente
1120 3909 1163 3969 ita
1183 3909 1295 3969 accidit.

280 3991 323 4050 De
345 3992 455 4070 quibus
474 3994 562 4051 rebus
582 3992 697 4052 iuvabit
718 3990 818 4051 ordine
832 3993 967 4069 deinceps
988 4013 1022 4052 eo
1043 3995 1127 4051 modo
1141 3995 1295 4070 explicare,

218 4123 221 4135 ,
281 4076 406 4155 utquid
427 4078 464 4136 de
485 4076 607 4152 singulis
627 4077 796 4148 sentiamus,
819 4077 923 4136 clarius
944 4078 1134 4152 intelligatur.

340 4162 501 4221 Oenscmus
536 4161 627 4237 igitur
654 4166 722 4220 ante
757 4161 854 4219 omnia
887 4162 1106 4236 diligentissime
1141 4181 1204 4220 esse
1233 4161 1295 4231 cni·

280 4248 536 4319 madvertendum,
562 4248 639 4325 quod
659 4246 756 4306 nescio
777 4266 835 4325 quo
855 4248 940 4304 modo
962 4266 980 4304 a
1000 4247 1101 4306 multis
1121 4266 1216 4322 nuper
1235 4267 1296 4307 non

280 4332 349 4390 satis
372 4332 607 4392 animadversum
628 4334 682 4405 est,
703 4331 985 4406 consempsit.
1007 4333 1041 4390 E.
1062 4331 1105 4389 ita
1125 4332 1295 4410 loquentem

280 4414 390 4492 induci,
419 4422 455 4476 ut
482 4437 545 4477 sese
573 4437 651 4489 anno
677 4415 809 4493 proxime
837 4416 985 4492 superiore
1012 4416 1145 4494 prytanis
1172 4437 1293 4479 munero
