3242 5259
373 601 412 658 72
736 597 1040 656 PROLEGOMENA

376 769 460 827 illum
480 768 576 843 ipsum
603 785 701 823 rerum
722 769 831 824 statum
861 772 891 826 et
918 765 1112 824 conditionem
1132 765 1300 841 planissime
1322 785 1398 843 qua·

376 856 475 923 drare,
512 851 606 929 qualis
635 858 698 908 tum
730 850 914 925 potissimum
951 850 1122 908 exstitisset
1179 848 1278 911 Quum
1306 850 1402 924 igitur

377 939 461 995 Plato
489 936 551 1011 ipse
581 935 676 993 verbis
706 935 873 993 clarissimis
902 935 1050 1008 dialogum
1079 934 1193 1011 Olymp.
1225 940 1274 1004 93,
1304 940 1333 991 4.
1359 957 1400 986 =

381 1027 440 1079 405
464 1040 489 1077 a.
511 1021 577 1077 chr.
605 1019 738 1077 habitum
765 1019 837 1092 fingi
858 1018 1080 1092 significaverit,
1107 1019 1176 1076 hinc
1197 1038 1314 1095 quoque
1337 1038 1405 1093 per-

381 1105 508 1182 spicitur,
532 1106 568 1161 ab
589 1104 645 1160 hac
665 1104 777 1162 ratione
799 1122 850 1160 cur
871 1103 1076 1162 discedendum
1097 1103 1150 1174 sit,
1179 1122 1312 1160 caussam
1344 1103 1406 1161 ido·

382 1210 467 1248 neam
488 1189 575 1263 plane
596 1187 707 1244 nullam
729 1194 889 1262 suppetere.

445 1275 555 1331 Verum
576 1272 622 1329 his
644 1272 783 1347 expositis
811 1271 962 1346 praefandi
990 1272 1106 1345 negotio
1135 1271 1291 1348 aliquando
1312 1272 1404 1330 finem

385 1361 532 1433 imponere
561 1356 666 1414 licebit.
709 1358 785 1414 Nam
815 1375 888 1434 quae
917 1362 1068 1432 praeterea
1095 1355 1238 1431 disputari
1266 1363 1406 1431 poterant

385 1445 421 1500 de
443 1440 601 1501 disserendi
625 1461 729 1514 genere
751 1441 875 1498 sermoni
897 1441 966 1498 huic
988 1441 1103 1516 proprio
1125 1441 1218 1517 deque
1240 1440 1405 1500 elocutione

385 1528 416 1583 in
445 1545 477 1582 eo
506 1529 660 1598 usurpata,
691 1544 738 1595 oa,
762 1525 898 1603 quoniam
926 1525 1006 1582 nullo
1027 1526 1088 1582 fere
1104 1524 1234 1598 'negotio
1255 1525 1321 1600 ipsa
1342 1526 1406 1583 eius

385 1609 509 1668 lectione
531 1615 750 1682 cognoscentur,
779 1609 918 1685 peculiari
941 1609 1120 1685 expositione
1141 1608 1272 1682 indigere
1294 1629 1407 1687 nequa·

388 1714 475 1772 quam
496 1693 641 1751 videntur.
1244 1750 1247 1755 Α

451 1781 550 1854 Atque
571 1778 643 1835 haec
664 1778 723 1835 fere
746 1777 816 1836 satis
839 1783 925 1835 sunto
945 1778 977 1834 in
999 1777 1169 1836 universum
1190 1779 1226 1835 de
1240 1797 1327 1853 opere
1348 1779 1405 1837 hoc

387 1862 516 1921 Platonis
538 1861 794 1936 praestantissimo.
838 1861 920 1923 Quae
942 1862 967 1919 si
996 1863 1042 1920 cui
1064 1882 1123 1919 non
1153 1862 1350 1935 satisfaciant,
1380 1864 1407 1921 is

389 1949 473 2005 adeat
505 1952 654 2021 praeterea
691 1946 1092 2004 Schleiermacherum
1121 1946 1193 2022 Opp.
1222 1948 1336 2005 Platon.
1375 1948 1407 2006 in

389 2033 483 2089 Genu.
516 2050 644 2088 convers.
673 2031 704 2088 Τ.
734 2032 775 2088 Il.
804 2032 883 2088 Part.
905 2031 930 2088 Ι.
959 2051 986 2106 p.
1010 2035 1027 2087 3
1051 2050 1139 2108 seqq,
1169 2031 1324 2090 Aetium
1352 2033 1407 2090 De

389 2115 472 2174 vita
501 2122 537 2172 et
559 2115 720 2190 scriptis
742 2114 920 2172 Platonis
948 2135 975 2190 p.
1002 2119 1055 2171 lll
1083 2135 1176 2193 seqq.,
1200 2116 1408 2192 Sochcrum

300 2211 303 2214 ’
390 2201 441 2256 De
463 2199 626 2273 scriptis
648 2199 823 2257 Platonis
845 2220 873 2274 p.
897 2201 955 2257 237
974 2219 1063 2277 seqq,
1086 2199 1166 2270 alios,
1188 2200 1239 2277 qui
1260 2221 1354 2276 nuper
1376 2201 1407 2259 in

391 2285 437 2340 his
459 2285 544 2340 rebus
566 2283 759 2358 disceptandis
779 2283 888 2343 versati
909 2289 979 2341 sunt
1000 2303 1130 2361 quosque
1151 2285 1210 2341 iam
1229 2305 1317 2360 supra
1338 2287 1409 2345 data

391 2369 433 2426 rei
455 2368 670 2442 opportunitate
691 2368 922 2426 memoravimus.

456 2622 600 2694 Superest,
622 2625 655 2676 ut
669 2620 768 2695 paucis
784 2639 951 2677 moneamus
968 2619 1004 2676 de
1030 2618 1174 2676 codicibus
1196 2621 1410 2698 manuscriptis,

392 2722 463 2780 quos
493 2704 523 2759 in
550 2704 646 2761 vorbis
682 2703 847 2778 philosophi
876 2703 1062 2761 emendandis
1097 2704 1224 2762 maxime
1250 2706 1409 2764 audiendos

392 2787 569 2860 putavimus,
594 2806 626 2844 ac
647 2788 682 2843 de
703 2788 897 2861 peculiaribus
919 2787 985 2845 libri
1008 2786 1192 2846 editionibus.

457 2871 606 2928 Editiones
627 2871 715 2928 huius
737 2871 842 2945 dialogi
864 2872 1024 2946 peculiares
1045 2872 1101 2929 hae
1122 2873 1216 2931 factae
1238 2878 1322 2932 sunt:

459 2954 634 3012 Platonis
664 2956 926 3035 Euthydemus
957 2960 994 3014 et
1022 2957 1193 3030 Gorgias.
1242 2959 1408 3031 Recensuit,

396 3038 486 3097 vertit
514 3046 655 3115 notasque
684 3059 750 3109 suas
781 3039 885 3098 adiecit
912 3041 1065 3098 Martin.
1094 3041 1242 3116 Ioseph.
1272 3044 1408 3113 Routh,

396 3125 431 3179 Α.
454 3124 494 3179 Μ.
517 3123 628 3196 collegii
657 3124 693 3180 D.
722 3125 834 3182 Mariae
862 3125 1026 3198 Magdalen.
1056 3125 1147 3182 Oxon.
1177 3125 1279 3184 socius.
1317 3129 1408 3185 Oxon.

395 3227 411 3263 e
433 3207 603 3282 typograph.
625 3208 794 3266 Glarendon.
817 3208 929 3267 Prodiit
950 3228 974 3266 a.
1001 3199 1089 3266 1774:
1113 3214 1140 3267 8.
1182 3211 1261 3269 Usus
1283 3218 1329 3271 est
1349 3214 1409 3270 cod.

395 3291 485 3347 Paris.
512 3296 599 3348 1808.
622 3293 776 3370 doctaeque
805 3293 916 3351 addidit
942 3293 1159 3364 annotationes,
1186 3295 1339 3354 historicas
1360 3317 1409 3372 po·

395 3375 538 3432 tissimum
560 3382 646 3454 atque
668 3377 789 3448 criticas,
812 3377 930 3435 minime
952 3378 1136 3452 spernendas.

459 3460 635 3518 Platonis
666 3462 837 3534 Gorgias.
895 3461 1003 3519 Graece
1033 3462 1070 3519 ad
1097 3462 1185 3520 fidem
1214 3464 1293 3521 codd.
1322 3485 1409 3540 mssp.

396 3548 559 3617 Augustan.
575 3552 604 3603 et
619 3547 796 3603 Meermann.
819 3545 1016 3623 versionisque
1031 3545 1125 3603 Ficini
1138 3548 1292 3618 recensuit,
1314 3568 1409 3607 emen-

396 3623 491 3698 darit,
519 3628 676 3703 explicavit
696 3629 878 3708 iudicemque
905 3632 1059 3688 verborum
1081 3631 1255 3688 Graecorum
1276 3633 1410 3709 copiosis·

397 3712 502 3769 simum
523 3712 627 3783 adiecit
649 3710 1027 3773 Christian‘Godofr.
1049 3715 1268 3774 Findeisen
1296 3719 1408 3776 Gothae

396 3803 425 3854 et
447 3798 605 3854 Amstelod.
630 3816 654 3854 a.
681 3801 767 3857 1796.
792 3804 819 3856 8.
868 3799 972 3856 Editor
991 3798 1023 3856 in
1043 3800 1186 3858 varietate
1207 3800 1339 3860 lectionis
1361 3822 1409 3860 no-

392 3875 485 3938 ‘tanda
506 3880 725 3955 diligentissime
746 3891 879 3942 versatus
906 3888 965 3953 est,
995 3884 1045 3941 sed
1072 3885 1275 3958 grarnmaticae
1297 3887 1409 3946 subtili-

396 3965 465 4021 tatis
488 3966 558 4022 adeo
577 3966 634 4023 fuit
648 3987 760 4042 expers,
782 3973 816 4026 ut
836 3967 958 4041 singulis
972 3967 1033 4025 fere
1048 3968 1161 4042 paginis
1182 3970 1239 4027 hoc
1259 3969 1291 4027 in
1306 3991 1410 4045 genere

396 4048 468 4106 mire
489 4050 637 4108 erraverit.

460 4133 554 4191 Multo
576 4134 672 4191 minus
700 4137 849 4209 probanda
877 4143 922 4194 est
948 4135 1050 4207 editio,
1080 4156 1154 4214 quae
1181 4137 1313 4213 proximo
1335 4159 1408 4198 anno

396 4217 517 4290 prodiit:
548 4219 665 4275 Platona
696 4222 817 4294 Gorgias
845 4223 909 4278 oder
938 4242 988 4278 eoa
1018 4223 1067 4279 der
1091 4223 1264 4287 Rodekaast,
1296 4225 1409 4283 aaran

394 4302 485 4374 geqeb.
507 4323 558 4359 coit
579 4305 747 4361 Ho'rstel.
785 4307 910 4380 cutting
934 4302 1022 4363 1797.
1053 4310 1096 4376 8.,
1131 4326 1206 4383 quae
1234 4327 1330 4385 neque
1358 4308 1409 4366 cri-

395 4383 481 4442 ticam
495 4386 583 4444 habet
598 4387 764 4458 utilitatem,
779 4410 874 4466 neque
889 4396 1003 4466 praeter
1017 4391 1219 4450 annotationes
1234 4395 1271 4452 ab
1283 4392 1410 4454 Routhio
