3242 5259
474 599 530 657 AD
552 598 735 658 acanum
756 599 961 660 Pnnronra.
1186 606 1225 658 68

204 768 336 826 demicae
357 768 484 826 familiae
505 768 685 828 adversarios
712 770 912 829 lubentissime
933 769 1085 828 materiam
1112 770 1226 827 ridendi

205 858 236 911 et
257 853 457 911 calumniandi
484 853 552 912 inde
579 855 779 929 depmmturos
807 856 906 913 fiusse.
949 855 1036 912 Nunc
1055 874 1125 915 vero
1153 855 1224 932 quid

204 940 326 997 tandem
346 939 457 998 factum
477 937 628 998 videmus?
648 939 793 998 Nimirum
814 944 913 998 tacent
933 958 967 996 ea
985 940 1020 997 de
1042 959 1074 997 re
1089 942 1225 1017 aequales

207 1041 240 1080 ac
266 1042 425 1099 supparem
453 1028 552 1083 tacent
579 1023 663 1082 amici
692 1031 722 1082 et
748 1025 872 1097 iuimiai;
903 1028 1001 1082 tacent
1026 1025 1164 1083 Socratici
1192 1043 1226 1082 ac

206 1127 265 1165 non
287 1108 443 1179 Socratioi3
472 1112 572 1168 tacent
598 1109 725 1186 denique
751 1109 847 1166 omnia
876 1109 1006 1181 saecula,
1033 1129 1128 1188 usque
1156 1110 1226 1168 dum

205 1195 326 1250 tandem
346 1194 403 1250 hac
423 1196 520 1252 aetate
539 1193 655 1268 sapiens
674 1193 754 1252 istud
775 1195 928 1255 inventum
956 1193 1079 1269 duplicis
1100 1194 1226 1253 Socratis

207 1277 372 1352 epistaaiae,
394 1277 516 1337 alterius
530 1278 707 1350 temerariae,
730 1279 851 1337 alterius
864 1279 1101 1355 sapientissimae,
1115 1280 1226 1338 factum

208 1367 259 1435 est,
281 1382 341 1441 quo
357 1361 474 1422 scilicet
493 1362 615 1421 historia
634 1382 711 1423 novo
724 1383 818 1442 eoque
833 1365 919 1440 plane
927 1364 1049 1422 insolito
1064 1370 1226 1422 commento

207 1447 444 1524 eapientem.
486 1447 632 1507 Nimirum
652 1448 819 1526 quicunque
839 1449 935 1506 locum
955 1449 1094 1520 Platonis,
1115 1451 1152 1507 de
1167 1468 1226 1527 quo

208 1533 320 1606 agitur,
343 1533 408 1591 siue
427 1532 625 1609 praeiudicato
645 1533 779 1609 opinione
801 1532 1061 1604 consideraverint,
1087 1533 1125 1592 iis
1147 1539 1225 1592 certe

208 1623 342 1694 apertum
369 1617 432 1675 fore
459 1623 596 1693 putamus
623 1618 703 1696 loqui
731 1618 772 1676 ibi
800 1619 948 1678 Socratem
976 1618 1108 1678 consulto
1135 1620 1171 1676 dc
1194 1638 1226 1675 re

207 1702 288 1776 gravi
309 1721 346 1760 ao
365 1702 443 1761 seria
461 1702 557 1761 iocose
577 1707 668 1780 atque
687 1702 817 1762 ridicule.
846 1701 931 1765 Quod
952 1703 1030 1761 enim
1050 1703 1098 1763 vir
1110 1704 1225 1779 sopion-

207 1787 339 1847 tioeimus
367 1787 526 1846 deliberato
552 1787 662 1847 lecerat
691 1787 825 1859 consilio,
861 1793 896 1847 ut
924 1807 962 1845 ne
989 1788 1119 1846 iustitiae
1146 1788 1226 1862 leges

207 1872 402 1944 violarentur,
436 1871 466 1930 id
495 1871 597 1930 callide
623 1871 748 1930 amam
775 1892 828 1948 per
853 1872 976 1930 ironiam
1004 1873 1126 1932 inertiae
1156 1892 1226 1931 suae

207 1957 325 2029 tribuit,
359 1976 398 2014 ne
426 1956 535 2016 scilieet
562 1956 665 2028 Polus,
694 1975 819 2036 quocum
847 1957 888 2015 ibi
918 1958 1106 2035 colloquitur,
1140 1977 1226 2033 parm

208 2043 351 2117 postulet,
380 2046 416 2101 ut
442 2041 551 2115 singuli
579 2041 732 2100 audientes
754 2042 932 2101 senteutiam
959 2043 994 2099 de
1016 2043 1053 2100 iis
1073 2044 1160 2101 rebus
1180 2062 1226 2100 ro·

208 2133 322 2200 geritur,
344 2146 421 2204 quae
440 2127 526 2183 modo
546 2126 712 2202 disputatae
733 2126 800 2186 sint
823 2125 889 2188 Qua
909 2127 1028 2204 quidem
1048 2127 1225 2186 facetissima
1307 2189 1311 2194 ,

207 2211 341 2270 irrisione
363 2211 564 2270 animadversa
591 2228 650 2288 quo
668 2211 784 2269 facilius
806 2230 905 2269 omncs
924 2212 1070 2272 tolluntur
1089 2212 1145 2270 loci
1165 2232 1226 2270 mo-

208 2297 308 2356 lestiae
331 2315 367 2355 ac
386 2295 583 2366 difficsdtatea
604 2300 688 2355 tauto
709 2297 800 2370 magis
823 2315 859 2355 ea
878 2296 953 2354 ratio
973 2317 1025 2372 pro
1044 2316 1116 2357 vera
1136 2317 1225 2371 agno·

208 2383 314 2440 scendo
333 2381 468 2452 videtum,
497 2384 532 2439 ut
558 2381 784 2459 haudquaquam
806 2383 842 2439 ad
870 2381 976 2438 mirum
1005 2381 1085 2440 istud
1112 2383 1222 2439 dedu·

174 2490 176 2495 ’
207 2466 272 2542 plici
294 2465 427 2525 Socratis
440 2464 578 2541 epistasia
598 2471 791 2524 commentum
804 2466 1030 2539 confugiendum
1042 2466 1089 2524 sit.
1117 2466 1225 2524 Incidit

206 2552 295 2626 igitur
316 2550 495 2628 colloquium
514 2549 546 2608 in
560 2550 666 2624 Gorgia
678 2551 819 2622 habitum,
841 2551 903 2626 ipso
924 2550 1062 2626 scriptore
1076 2551 1224 2608 luculente

206 2640 342 2708 mana,
365 2636 399 2692 in
418 2634 533 2712 Olymp.
554 2639 610 2707 93,
639 2641 666 2694 4.
690 2655 730 2687 =
752 2641 812 2693 405
836 2654 862 2693 a.
883 2635 959 2706 cnr,
980 2635 1032 2713 qui
1050 2634 1110 2694 fuit
1129 2654 1224 2692 annus

208 2722 274 2780 belli
304 2719 509 2796 Peloponnesii
537 2720 748 2795 paenultimus,
784 2719 975 2798 habitumque
1003 2720 1121 2778 videtur
1148 2739 1224 2778 auno

208 2807 344 2876 ineunte,
366 2806 467 2863 eodem
488 2805 549 2862 fere
569 2810 711 2882 tempore,
734 2824 791 2882 quo
812 2806 914 2863 Ranae
934 2805 1139 2881 Aristophanis
1160 2810 1225 2864 acta

209 2897 263 2964 est,
293 2890 442 2969 siquidem
461 2909 537 2968 quae
564 2895 665 2966 postea
685 2889 800 2965 publice
828 2894 912 2964 gesta
938 2895 1022 2961 sunt,
1050 2897 1223 2966 eapropter

208 2982 381 3037 eventorum
408 2974 558 3034 tristifiam
585 2973 788 3034 veridissimile
816 2975 942 3033 reddunt
974 2974 1145 3051 philosopho
1173 2995 1224 3051 po-

209 3062 314 3120 sterius
343 3066 459 3135 tempus
488 3061 525 3117 ob
553 3058 650 3118 oculos
679 3078 741 3118 csse
762 3065 919 3119 versatum
970 3060 1027 3117 His
1055 3064 1154 3119 autem
1181 3060 1225 3118 ita

208 3147 308 3222 positis
329 3144 476 3222 sequitur,
498 3150 533 3203 ut
560 3144 649 3202 ctiam
669 3145 879 3203 ostendendum
900 3144 939 3203 sit
960 3163 1026 3202 cum
1048 3163 1084 3203 ea
1111 3145 1224 3203 ratione

208 3232 320 3310 reliqua
340 3229 448 3301 omnia,
469 3247 544 3306 quae
566 3229 672 3288 criticis
689 3228 856 3305 scrupulum
869 3229 1039 3299 inieoenmt,
1062 3229 1142 3286 nullo
1162 3230 1223 3286 fem

208 3316 325 3391 negotio
354 3313 500 3372 conciliari
528 3330 627 3389 posse,
656 3315 734 3392 quod
754 3314 854 3389 ipsum
872 3313 1032 3372 certissimo
1053 3319 1224 3387 argumento

209 3401 262 3460 erit
296 3413 459 3477 sanequam
485 3397 646 3473 probabilia
673 3418 737 3458 esse
766 3417 841 3476 quae
869 3400 906 3456 de
938 3403 1068 3473 tempore
1096 3397 1226 3456 instituti

210 3485 350 3544 sermonis
376 3483 578 3542 iudicavimus.
627 3483 668 3542 Et
693 3483 820 3559 primum
854 3484 971 3561 quidem
998 3501 1076 3541 nuno
1105 3487 1225 3559 apparet

208 3569 453 3641 luculentissime,
475 3568 526 3646 qui
546 3567 610 3627 fieri
630 3568 771 3643 potuerit,
804 3571 839 3627 ut
865 3568 902 3626 iis
934 3586 1007 3646 quos
1033 3586 1120 3643 supra
1150 3567 1225 3625 iudi·

209 3656 337 3716 cavimus
366 3653 438 3712 locis
462 3653 566 3712 lutura
584 3652 711 3712 Socratis
731 3653 876 3711 accusatio
905 3653 1117 3727 significaretur
1141 3654 1225 3711 adeo·

210 3758 263 3818 qua
282 3737 450 3799 criminatio
478 3738 515 3796 de
542 3737 683 3797 iuvenum
707 3738 904 3813 corruptione,
933 3757 1021 3815 quam
1042 3744 1223 3797 accusatores

209 3831 308 3900 postea
328 3823 442 3882 homini
461 3821 696 3881 innocentissimo
716 3822 897 3894 obiecenmt,
924 3842 984 3880 nou
1005 3825 1125 3882 obscure
1146 3843 1222 3881 com·

210 3913 428 3969 memoraretur.
455 3907 614 3968 Enimvero
627 3907 747 3982 gliscere
768 3926 838 3966 sane
857 3907 916 3965 iam
929 3913 994 3968 tum
1014 3909 1080 3966 odia
1093 3908 1125 3965 in
1137 3908 1222 3966 illum

171 4045 175 4055 .
210 3997 365 4073 coeperam
384 3992 434 4052 vel
460 3997 627 4069 propterea,
656 3994 733 4071 quod
762 3993 813 4070 qui
839 3993 909 4051 olim
933 3993 997 4051 eius
1025 3993 1223 4051 familiaritate

209 4080 251 4139 usi
270 4082 359 4140 erant
378 4077 411 4136 in
426 4077 576 4154 republica
597 4076 666 4134 clari
687 4095 721 4135 cc
738 4082 871 4153 potentes
891 4078 1074 4150 exstiterant,
1094 4077 1125 4135 id
1145 4079 1223 4156 qnod

209 4163 350 4242 imprimis
368 4164 407 4222 da
427 4162 577 4221 Alcibiade
604 4162 647 4221 ita
674 4161 795 4220 iudicari
821 4167 947 4238 oportet,
976 4162 1028 4240 qui
1048 4167 1112 4222 tum
1132 4162 1222 4220 idem-

209 4249 297 4309 tidem
316 4247 421 4327 populi
435 4247 531 4321 gratia
543 4245 697 4319 exciderat,
717 4247 761 4305 ita
781 4253 816 4305 ut
836 4247 898 4304 eius
912 4246 1032 4305 consilia
1052 4246 1141 4306 etiam
1161 4267 1222 4306 ma·

211 4333 297 4408 asco
317 4337 505 4396 verterentur
525 4331 669 4409 opprobio.
712 4331 832 4391 Habent
856 4331 947 4404 igitur
975 4331 1020 4388 illi
1039 4331 1095 4389 loci
1122 4351 1223 4392 omues

211 4417 263 4480 ine
282 4425 370 4497 pacto
390 4417 615 4494 explicationem
642 4415 726 4491 longe
755 4415 1027 4487 commodissimam,
1057 4416 1109 4495 qui
1137 4419 1224 4476 collo-
