3242 5259
479 633 483 640 ¹
558 604 740 664 GORGIAS.
763 605 795 662 P.
820 610 890 662 489.
913 606 958 663 ed.
982 605 1023 664 St.
1107 645 1111 650 -
1236 610 1296 664 219

279 774 430 842 λικοῦτος
459 770 524 842 ῶν,
562 766 705 849 ὀνόματα
734 769 904 848 θηρεύων,
940 768 994 831 καί
1022 766 1078 830 ίιίν
1108 791 1155 842 τις
1183 769 1298 851 ῥήματι

281 865 424 948 ιλμοίρτγ,
454 864 586 946 ἕρμαιον
615 872 712 929 τοῦτο
739 867 950 948 ποιούμενος;
978 863 1032 948 ἐμὲ
1058 864 1121 946 γὰρ
1140 866 1201 930 σ’ίει
1219 869 1297 930 ἄλλο
1321 864 1349 932 O

280 987 310 1026 τι
341 961 446 1044 λέγειν
474 964 510 1027 τὸ
538 964 703 1045 κρείττους
730 957 812 1027 εἶναι
839 963 860 1045 ἢ
887 964 923 1026 τὸ
950 963 1110 1044 βελτίους;
1140 965 1180 1026 οὐ
1201 964 1299 1027 ποίλαι

280 1076 335 1125 σοι
360 1059 461 1141 λέγω,
499 1055 548 1124 ὅτι
583 1053 701 1125 ταύτόν
739 1085 823 1142 φημι
857 1055 940 1124 είναι
965 1064 1001 1125 τὸ
1029 1058 1155 1141 βέλτιον
1181 1061 1236 1126 καὶ
1261 1062 1298 1126 τὸ

279 1164 444 1241 κρείττους
465 1158 559 1240 ἢοίει
575 1181 613 1240 με
630 1158 742 1274 λίγειγ,
765 1158 823 1222 ἐὰν
838 1156 998 1241 συρφετὸς
1014 1163 1150 1241 συλλεγγ
1171 1159 1299 1222 δούλων

280 1280 336 1321 και
363 1256 581 1320 παντοδαπῶν
610 1251 797 1338 ἀνθρώπων
823 1257 960 1340 μηδενὸς
987 1257 1085 1334 οίξίων
1111 1253 1195 1339 πλὴν
1222 1257 1299 1332 ἴσως

280 1360 327 1443 τῷ
349 1351 473 1434 σώματι
492 1355 730 1437 ἰσχυρίσασθαι,
758 1355 812 1419 καὶ
833 1357 923 1419 οὑτοι
944 1365 1067 1435 φῶσιν,
1096 1354 1178 1418 αὐτὰ
1198 1364 1298 1418 ταῦτα
1376 1354 1382 1358 ’

280 1449 364 1518 εἶναι
383 1453 520 1536 νόμιμα;
542 1456 616 1516 aa.
640 1448 776 1527 Είεν’
753 1442 780 1516 σί
798 1453 964 1536 σοφώτατε
988 1454 1190 1526 Καλλίκλεις·
1213 1451 1298 1516 οὕτω

280 1549 400 1633 λέγεις;
439 1554 541 1614 ΚΑΛ.
573 1551 670 1615 Πιίνυ
690 1575 749 1634 μεν
770 1545 840 1615 οὖν.
884 1553 960 1614 ΣΩ.
990 1549 1102 1613 Ἀλλ’
1090 1550 1152 1633 εγὼ
1172 1545 1249 1631 μέν,
1273 1541 1299 1613 ῶ
1328 1556 1360 1619 D

280 1651 437 1732 δαιμόνιε,
459 1647 512 1712 καὶ
533 1649 631 1729 αὐτὸς
650 1650 748 1712 πιίλαι
768 1650 896 1726 τοπάζω
917 1650 1069 1713 τοιοῦτόν
1088 1650 1119 1712 τί
1140 1663 1175 1712 σε
1195 1645 1299 1730 λέγειν

279 1750 317 1811 τὸ
347 1751 504 1826 κρεῖττον,
534 1743 587 1810 καί
616 1746 765 1827 ιίνεοιοτῶ
794 1748 981 1829 γλιχόμενος
1008 1750 1121 1829 σαφῶς
1142 1741 1298 1811 είδέναιὸ

280 1869 311 1908 τι
331 1842 441 1925 λέγεις.
470 1846 510 1908 οὐ
540 1846 603 1926 γὰρ
632 1845 739 1927 δήπου
767 1845 808 1908 σύ
828 1867 865 1926 γε
885 1845 961 1920 τοὺς
982 1846 1042 1909 δύο
1064 1846 1209 1927 βελτίους
1228 1846 1301 1929 ἡγεῖ

280 1953 341 2007 τοῦ
371 1942 461 2019 ἑνός,
491 1941 566 2006 οὐδὲ
593 1941 669 2017 τοδς
698 1942 776 2018 σοὺς
803 1943 943 2018 δούλους
972 1944 1117 2024 βελτίους
1142 1950 1203 2006 σοῦ
1211 1993 1220 2018 ,
1250 1939 1299 2007 ὅτι

281 2041 484 2124 ίσχυρότεοοί
512 2041 591 2104 εἰσιν
618 2040 638 2122 ἢ
667 2042 716 2104 σύ.
747 2040 827 2104 οίλλδι
854 2044 951 2105 ποίλιν
977 2040 1008 2119 ἐξ
1037 2043 1135 2124 ἀρχῆς
1156 2041 1240 2119 είπέ,
1268 2043 1299 2105 τί

281 2161 360 2204 ποτε
380 2135 575 2219 λέγειςτοὺς
595 2140 748 2220 βελτίους,
771 2138 879 2222 ἐπειδὴ
900 2140 941 2202 οὐ
961 2139 1038 2214 τοὺς
1058 2137 1297 2222 ίσχυροτέοους;

281 2239 346 2316 καί,
371 2230 581 2320 ῶθαυμιίσιε,
602 2238 781 2318 πραότερόν
797 2259 836 2320 με
856 2237 1059 2318 προδίδασκε,
1081 2237 1136 2301 ίνα
1156 2237 1200 2320 μὴ
1220 2238 1297 2302 οίπο-

330 2459 362 2508 Β.
399 2455 433 2506 δέ
452 2474 501 2509 τις
520 2454 598 2506 κατὰ
617 2453 670 2506 τὸν
690 2453 807 2522 νόμον]
827 2452 890 2506 κατὰ
909 2452 991 2515 νόμον
1008 2457 1075 2505 coni.
1094 2456 1225 2522 Himehig.

332 2594 365 2642 D.
402 2569 510 2658 λὲγεις
535 2587 612 2644 τούς
635 2590 808 2657 βελτίους]
832 2592 864 2641 V.
888 2590 948 2643 τοὺς
965 2591 1127 2655 βελτίστους,
1152 2591 1221 2657 quod
1239 2608 1298 2642 sua·

282 2661 359 2711 dente
378 2660 506 2711 Comario
524 2677 538 2710 a
556 2659 633 2710 vind.
652 2658 675 2710 1.
694 2658 717 2711 6.
735 2661 901 2710 mutavimus.
928 2661 1041 2710 Mutavit
1057 2660 1135 2710 etiam
1152 2661 1263 2711 Bekkar.

280 2865 375 2929 poris
399 2865 517 2913 robore
540 2862 691 2925 valeant,
721 2862 765 2911 hi·
818 2863 853 2927 (h.
870 2863 907 2926 L).
938 2861 994 2912 Der
1011 2868 1111 2913 ιιιιιίᾶίι
1127 2862 1299 2914 ιικῶιιίιαιεί-

281 2949 344 2996 que
379 2931 495 2995 aliqua
529 2935 696 2992 statuant,
731 2946 765 2980 ea
809 2931 892 2995 fetide
910 2930 1046 2981 Gebraact
1067 2931 1100 2981 iat
1119 2948 1186 2996 γοαι
1208 2932 1236 2981 ia
1253 2931 1301 2981 der

280 3003 359 3066 ipsa
381 2998 765 3064 esseleg1t1ma1nh1s
820 2996 1224 3085 ArtdefftortSprecteadeaP
1249 3001 1300 3049 Ita-

279 3069 374 3117 durum
392 3072 439 3129 est,
463 3066 531 3131 quod
551 3072 621 3129 φασι
639 3072 708 3117 caret
726 3083 765 3116 ac·
817 3083 867 3131 qua
891 3062 956 3116 αὐτὰ
980 3073 1057 3118 ταῦτα
1061 3069 1196 3149 ponitur,
1221 3083 1253 3118 aa
1276 3067 1300 3117 si

280 3135 399 3185 eusativo
433 3151 489 3185 auo.
539 3136 630 3199 Itaque
663 3136 765 3185 Heln
817 3134 1027 3217 φτοοσεᾶοτει“
1011 3154 1027 3185 α
1057 3131 1090 3184 ἂν
1120 3136 1215 3219 φῶσιν.
1257 3134 1300 3185 Ad

278 3203 413 3253 dorfius
408 3202 539 3285 probant
539 3219 553 3252 a
566 3205 765 3254 Buttmanno

282 3277 372 3333 φασιν
403 3266 474 3329 ἄττα,
505 3275 583 3321 ταῦτα
611 3263 681 3320 εἶναι
709 3269 764 3331 νὸμ.

277 3339 419 3404 legendum
450 3339 576 3401 coniecit,
618 3337 688 3403 quod
727 3355 766 3388 ra-

279 3409 349 3472 cepit
367 3407 542 3455 Hermann.
566 3413 591 3456 et
612 3406 680 3471 quod
698 3413 765 3456 certe

279 3477 425 3525 leniust
386 3482 425 3523 est
446 3490 522 3554 quam
539 3475 682 3524 Hausdii
699 3491 766 3523 com·

279 3550 409 3603 mentum,
439 3543 484 3606 qui
511 3543 626 3591 Ficini
655 3543 766 3608 vestigia

279 3613 371 3677 legens
394 3609 576 3692 corrigendum
598 3611 765 3660 censuit:-

280 3679 481 3743 ι’σχυριᾞσασθατ
500 3674 608 3730 τούτους
620 3671 689 3727 εἶναι
705 3675 765 3731 τοὺς

277 3749 422 3810 κρείττονε,
441 3745 484 3795 καί
496 3741 512 3795 ἂ
528 3741 563 3794 σίν
577 3738 649 3796 οὗτοι
670 3745 765 3828 φῶσιν,

279 3835 300 3864 κ.
320 3834 339 3863 τ
359 3816 379 3862 λ.
416 3815 474 3878 Ipsa
497 3812 561 3864 olim
583 3816 628 3863 καί
648 3815 676 3862 in
698 3811 714 3864 ἂ
735 3810 766 3863 ἂν

278 3882 433 3932 mutandum
442 3881 573 3946 putabam.
592 3868 675 3944 Nuiie,
685 3897 766 3945 quon·

279 3953 331 4000 iam
359 3949 434 3999 video
458 3949 562 3999 codices
588 3966 677 4000 omnes
699 3951 765 3999 tueri

279 4020 419 4068 lectionem
459 4017 606 4081 vulgatam,
652 4018 766 4067 'rhier-

280 4087 409 4136 schium
449 4085 606 4134 audiendum
648 4084 765 4148 arbitror,

280 4155 327 4218 qui
352 4155 397 4204 Gr.
422 4154 465 4202 Gr.
490 4169 514 4217 p.
537 4151 596 4206 505.
619 4153 658 4202 ed.
681 4152 705 4202 3.
729 4155 766 4203 ita

279 4223 400 4285 scripsit:
418 4220 550 4283 „alaucho
568 4221 666 4271 οοίίνσιι
684 4221 766 4270 Verba

279 4289 382 4340 ιυεκτίειι
393 4289 428 4337 im
440 4287 617 4353 ναοίιίίίιιίγιτι
628 4288 766 4338 Αιισιίτιιοίι

279 4358 344 4408 olma
376 4356 495 4406 Αιοιιιιιί.
530 4355 568 4406 ala
601 4357 767 4407 intransitiva

277 4424 426 4496 γιίιτσιιοίιί.
459 4423 495 4475 So
511 4423 576 4476 heim
594 4424 670 4475 Plato
688 4421 765 4490 θονγ.

817 3200 884 3268 πλὴν
912 3203 977 3255 ίσαισ
1004 3202 1086 3253 intell.
1113 3199 1199 3266 οίξιων
1222 3200 1299 3255 τινός.

818 3272 884 3320 Nam
918 3275 952 3336 τῷ
986 3268 1080 3331 σώματι
1110 3271 1300 3334 ἰσχυρίσασθαι

817 3345 915 3401 asten,
931 3338 1015 3402 quod
1030 3339 1298 3402 corporevalant

817 3408 900 3456 Pravo
923 3406 1093 3456 Heindorf.
1119 3411 1154 3472 τῷ
1178 3421 1200 3455 σ.
1225 3404 1298 3468 ίσγυ-

819 3476 945 3538 σίνασθαι
955 3475 1137 3539 interpretatur
1152 3489 1205 3523 cor
1210 3474 1299 3538 poris

817 3541 948 3591 viribus
976 3543 1098 3603 fidere,
1130 3558 1197 3606 quae
1216 3540 1299 3590 verbi

817 3609 972 3675 significatio
981 3612 1013 3659 ab
1023 3612 1074 3661 hoa
1084 3610 1143 3660 loco
1155 3611 1241 3660 aliena
1252 3614 1299 3659 eat.
1349 3662 1354 3668 ,

851 3679 883 3726 D.
932 3676 1007 3730 τοίς
1049 3676 1107 3728 δύο
1142 3678 1299 3742 βελτίους

819 3741 892 3811 ἡγεῖ
908 3750 963 3795 τοῦ
981 3744 1072 3812 ἑνός]
1093 3745 1213 3795 Plana'
1193 3763 1215 3796 si
1232 3751 1300 3796 esset

818 3820 873 3862 orat
874 3815 913 3872 io,
951 3813 1066 3863 additum
1092 3814 1233 3900 legeretur:
1262 3810 1298 3863 ὅτι
1337 3844 1340 3849 -

819 3878 984 3945 ίισχιρότεροτ
983 3879 1102 3932 ἐἰσιν
1085 3901 1101 3947 η
1119 3879 1134 3931 ὁ
1153 3877 1200 3934 είς
1223 3883 1299 3932 Nune

817 3949 914 3999 haee
907 3965 964 4013 ipsa
988 3953 1117 4000 sententia
1142 3949 1299 4014 aproximis

818 4017 904 4067 verbis
922 4018 1035 4068 eruenda
1050 4023 1096 4068 est,

852 4088 882 4135 τί
913 4102 990 4135 ποτε
1020 4084 1130 4150 λέγεις
1157 4082 1231 4137 τοὺς
1258 4084 1298 4150 β]

818 4154 856 4202 Νι
886 4153 944 4216 quis
973 4169 1031 4202 cum
1054 4152 1198 4202 Routhio
1228 4156 1299 4205 τίνας

818 4221 944 4285 corrigat,
985 4221 1096 4270 eontulit
1128 4221 1299 4271 Heindorf.

818 4290 879 4337 Pro
880 4303 949 4352 agor
962 4305 987 4352 p
998 4286 1102 4371 3λ..1Ε
1123 4285 1200 4341 αὐτὸς
1219 4287 1249 4338 δὲ
1268 4285 1299 4372 δὴ

818 4352 854 4408 ῶς
878 4359 908 4404 τί
931 4353 1108 4439 γενησόμενοι
1135 4357 1204 4421 ἔργει
1229 4375 1300 4420 παρα

818 4421 1016 4490 Πρωταγόραν,·
1044 4426 1090 4475 ubi
1114 4430 1200 4476 tamon
1228 4442 1299 4476 nuno
1371 4429 1373 4433 ’
