3242 5259
435 600 619 662 GORGIAS.
641 602 674 663 P.
698 605 770 661 493.
794 605 864 662 494.
887 604 933 662 ed.
955 603 998 662 st.

1164 608 1225 663 239

207 762 320 846 ἐκείνω
342 761 443 827 οὐκέτ’
464 760 550 827 ἔστιν
570 763 672 847 ἡδονὴ
695 765 842 846 οὐδεμία,
871 765 950 829 άλλδι
970 757 1055 828 τοῦτ’
1076 762 1179 846 ἔστιν,
1208 768 1226 830 ὃ

206 871 271 926 νῦν
291 859 331 944 δὴ
354 860 416 943 ἐγὼ
437 862 564 944 ἔλεγον,
593 860 629 926 τδ
659 860 759 944 ὥςπερ
781 863 877 927 λίθον
898 866 972 945 ζῆν,
1002 861 1130 928 ἐπειδδιν
1150 869 1226 948 πλη-

206 965 309 1043 ρώση,
330 962 407 1042 μήτε
423 960 577 1041 χαίροντα
592 960 637 1024 ἔτι
657 962 733 1043 μήτε

748 962 963 1043 λυπούμενον.
986 954 1051 1024 άλλ’
1068 960 1103 1026 ἓν
1123 964 1227 1047 τούτῳ
1248 965 1277 1030 Β

208 1057 275 1123 ἐστὶ
296 1061 332 1121 τὸ
354 1055 454 1141 ἡδέως
477 1061 554 1140 ζῆν,
586 1057 620 1121 ε’,ν
649 1063 696 1144 τῷ
716 1061 759 1134 ὠς
789 1063 938 1124 πλεῖστον
959 1057 1109 1140 ἐπιρρεῖν.
1151 1063 1225 1125 Est.

207 1158 341 1220 Orientis
362 1157 486 1237 άνάγιιη
507 1159 548 1237 γ’,
569 1155 610 1219 δν
631 1157 715 1221 πολὺ
736 1155 875 1240 ἐπιῤῥέη,
897 1149 981 1220 πολλ’)
997 1142 1054 1221 Ιπάι
1074 1157 1111 1221 τδ
1128 1158 1226 1222 άπιδν

209 1250 367 1319 εἶναικαὶ
395 1254 503 1337 μεγάλ’
533 1257 611 1318 ἄττα
640 1255 679 1318 τδι
705 1257 850 1337 τρήματα
877 1249 961 1318 εἶναι
986 1261 1055 1330 ταῖς
1084 1254 1224 1337 ἐκροαῖς;

212 1356 316 1416 ΚΑΛ.
340 1353 437 1416 Πάνυ
458 1350 518 1433 μὲν
539 1347 607 1417 οὖν.
631 1355 704 1416 Etr.
728 1354 915 1434 Χαραδριοῡ
935 1376 1007 1416 τινα
1028 1348 1070 1418 αὗ
1092 1354 1133 1417 σὺ
1153 1356 1227 1436 βίον

209 1451 328 1532 λέγεις,
356 1449 424 1514 άλλ’
454 1451 494 1514 οὐ
515 1461 649 1530 νεαροῦ,
682 1444 757 1515 οὐδὲ
778 1453 885 1515 λίθου.
915 1452 971 1514 καί
999 1475 1054 1532 μοι
1074 1450 1162 1534 λέγε,
1190 1456 1227 1517 τδ

209 1548 334 1613 τοιόνδε
356 1544 464 1628 λέγεις,
487 1542 559 1612 οἷον
579 1554 694 1632 πεινῆν
715 1547 768 1611 καὶ
788 1553 948 1612 πεινῶντα
965 1547 1101 1626 ἐοδίειν;
1124 1554 1227 1614 ΚΑΛ.

202 1641 337 1728 Ἔγωγε.
379 1649 452 1710 Est.
477 1646 542 1711 Καὶ
563 1650 663 1729 διψῆν
684 1669 719 1726 γε
740 1647 793 1710 καὶ
814 1648 960 1722 διψῶντα
976 1649 1098 1726 niveam
1122 1652 1226 1711 ΚΑΛ.
1250 1649 1277 1716 C

211 1743 314 1824 Λέγω,
336 1742 389 1807 καὶ
409 1743 466 1819 τὰς
486 1748 583 1819 άλλας
615 1743 789 1826 ἐπιθυμίας
820 1743 945 1819 άπάσας
967 1742 1079 1827 ἔχοντα
1099 1745 1153 1810 καὶ
1173 1748 1226 1810 δυ-

209 1843 353 1923 νάμενον
373 1845 557 1923 πληροῦντα
577 1844 731 1924 χαίροντα

752 1836 951 1925 εὐδαιμόνως
971 1847 987 1920 ζ
1009 1867 1036 1907 ν.

260 2057 363 2110 οὐκέτ’
383 2061 473 2110 ἔστιν
492 2055 547 2127 ἠδ]
566 2059 610 2110 sio
628 2060 716 2110 Clark.
736 2060 792 2110 Vet.
810 2077 857 2126 pro
874 2061 946 2127 vulg.
964 2056 1013 2110 οὐκ
1032 2059 1110 2110 ἔστιν.

261 2160 407 2213 ἐπειδὰν
424 2159 590 2228 πληρώσῃ]
623 2162 654 2211 V.
672 2159 836 2227 πληράοηιαι
855 2163 945 2212 invitis
964 2162 1052 2212 Clark.
1071 2162 1130 2211 Vnt.
1148 2160 1227 2210 Goisl.

212 2230 287 2280 Vind.
306 2229 330 2282 1.
348 2229 372 2280 6.
390 2229 464 2280 Bodl.
482 2231 540 2279 Par.
559 2229 731 2281 BOEFIW.

214 2299 291 2363 ρωδῇ
309 2297 489 2363 corrigendum
506 2313 570 2348 esse.

750 2238 775 2281 et
792 2246 886 2281 novem
904 2231 1017 2281 Florent.
1036 2229 1146 2280 Videtur
1164 2230 1225 2293 πλη-

261 2399 291 2452 (λ.
329 2396 521 2459 δυνάμενον
545 2396 756 2464 πληροῦντα]
790 2399 834 2449 sio
856 2397 918 2448 libri
941 2413 1044 2461 omncs,
1074 2396 1119 2447 sed
1138 2397 1225 2462 Steph.

211 2469 339 2533 πληροῦν,
358 2465 426 2531 quod
444 2466 541 2533 recepit
557 2467 698 2516 Hermann.

211 2637 350 2700 Perperam
368 2634 559 2684 Findeisen.
578 2634 646 2684 eoni.
672 2633 694 2682 τὶ

210 2701 313 2822 {Zizio
339 2701 432 2769 λέγειν,
465 2701 534 2768 quod
563 2703 695 2754 soloeeum

244 2905 275 2955 (l.
308 2906 361 2955 καὶ
392 2902 588 2966 δυνάμενον
622 2906 692 2969 πλη-

212 2978 338 3038 ροῦνεα
369 2977 531 3037 χαίροντα
566 2968 693 3034 εάδαιμ.

211 3041 243 3108 ζ.]
269 3043 356 3090 Primo
383 3041 475 3090 obtutu
503 3042 592 3104 utique
622 3040 694 3090 blan-

210 3111 298 3159 dietur
324 3109 404 3158 alicui
432 3107 501 3173 quod
524 3107 604 3158 edidit
627 3108 694 3158 Ste

210 3178 342 3242 phanus
367 3177 495 3242 πληροῦν.
529 3175 581 3226 Sed
601 3191 629 3225 re
654 3192 694 3226 eo·

210 3245 326 3295 curatius
343 3243 505 3294 considerata
521 3260 574 3294 non
587 3242 693 3294 dubium

210 3311 358 3374 videbitur,
381 3313 445 3376 quin
462 3328 494 3362 ea
509 3312 586 3362 lectio
610 3311 644 3360 ab
661 3312 694 3363 iis

209 3383 319 3430 inventa
344 3382 391 3442 sit,
420 3380 465 3444 qni
494 3381 694 3431 constructionis

209 3450 338 3499 rationem
355 3464 409 3497 nou
425 3449 625 3513 perspexissent.
647 3449 695 3498 Est

210 3524 300 3567 eutem
334 3515 414 3566 haec:
449 3515 491 3565 κάλ
528 3513 612 3580 (λέγω)
640 3518 693 3579 χαί·

214 3602 296 3648 ροντα
330 3579 494 3644 εὐδαιμόνως
523 3587 573 3648 ζῆν
605 3584 695 3646 ἔχοντα

210 3650 255 3705 τὰς
274 3648 349 3703 ditos
368 3650 508 3712 ἐπιθυμίας
531 3648 634 3704 dudone
652 3652 694 3701 καὶ

210 3722 362 3786 πληροῦντα
391 3717 539 3779 δυνάμενον
567 3734 601 3768 se.
632 3721 694 3783 πλη-

212 3792 295 3853 ρονν,
321 3793 351 3836 et
368 3786 444 3837 dico
462 3788 608 3852 aliquem
625 3803 694 3836 eum

210 3855 335 3921 gaudio
358 3854 454 3905 beate
472 3856 598 3917 vivere,
623 3854 694 3904 dum

210 3930 341 3973 eeteros
359 3921 696 3986 eupiditateshabeet
734 3939 736 3943 ·

210 3995 353 4041 cunctas
388 4007 511 4055 easque
547 3992 695 4054 explent,

211 4061 335 4124 quippe
364 4058 396 4108 id
420 4058 569 4109 faciendi
592 4057 695 4109 facul·

210 4134 280 4177 tote
311 4126 456 4190 pollens.
498 4127 538 4175 De
566 4126 694 4176 infinitivo

210 4197 331 4259 πληροῦν
357 4209 390 4244 ex
414 4210 467 4258 seq.
491 4195 639 4258 πληροῦντα
662 4193 696 4243 od

211 4259 366 4322 δυνάμενον
395 4261 550 4312 assumendo
578 4278 603 4311 v.
628 4263 695 4312 Ast.

211 4331 244 4380 ad
267 4331 293 4379 Ιι.
312 4330 329 4379 l.
354 4335 379 4380 et
401 4331 525 4394 Reisig.
547 4329 580 4379 ad
604 4329 695 4394 Oedip.

211 4399 267 4448 Col.
292 4415 317 4462 p.
335 4395 385 4449 277
404 4413 457 4462 seq.
497 4396 628 4446 Videlicet
650 4399 696 4446 So·

746 2632 811 2682 orati
834 2632 951 2698 singulas
975 2632 1129 2697 cupiditates
1158 2648 1227 2682 com-

745 2717 887 2751 memorare
911 2708 937 2751 et
959 2701 1071 2766 exempli
1093 2702 1152 2751 loco
1170 2717 1227 2766 pro-

745 2784 842 2834 ponere
872 2769 1018 2820 instituenti
1042 2768 1164 2818 Callicles
1191 2770 1228 2819 ita

745 2836 889 2902 respondet,
907 2843 1002 2887 utrem
1014 2836 1087 2887 brevi
1098 2837 1228 2902 praecidat

745 2920 824 2968 seque
842 2911 942 2956 ceteras
966 2921 1055 2955 omnes
1072 2905 1228 2970 cupiditates

745 2974 862 3038 cognitae
879 2973 975 3024 habere
998 2973 1132 3038 significet.
1168 2975 1228 3024 Per·

745 3042 866 3090 tinaeiter
882 3047 968 3092 autem
982 3043 1138 3092 sententiam
1154 3057 1228 3092 snam

744 3109 859 3160 retinens
877 3109 955 3160 simul
970 3111 1050 3161 stiam
1067 3109 1139 3159 sddit
1149 3110 1228 3160 haec:

745 3175 787 3226 καὶ
807 3173 960 3237 δυνάμενον
973 3205 1006 3213 -
1025 3179 1082 3242 ζῆν.
1101 3178 1229 3239 Quocirca

745 3243 838 3294 deinde
860 3245 892 3294 ab
911 3246 1016 3295 Socrate
1040 3250 1143 3310 propter
1160 3246 1228 3296 hanc

744 3313 919 3377 pervicaciam
940 3312 1050 3373 ridetur,
1074 3313 1119 3375 qui
1143 3314 1167 3361 ei
1190 3330 1228 3362 re-

745 3380 854 3446 spondet
870 3381 949 3430 haec:
975 3379 1155 3428 Praeclare
1180 3397 1229 3429 ve·

745 3465 795 3510 ro,
813 3465 829 3499 o
846 3449 944 3498 bons!
968 3462 1068 3512 perge
1091 3446 1176 3496 enim
1193 3454 1229 3498 ut

746 3515 909 3580 coepisti,
945 3529 1006 3564 nec
1038 3520 1068 3564 te
1096 3514 1226 3579 pudeat.

746 3576 869 3648 Apparet
883 3581 973 3633 turbas
1000 3581 1101 3635 dedisse
1124 3583 1228 3647 partici-

746 3653 847 3716 piorum
871 3649 1086 3712 cumulationem,
1119 3649 1151 3700 de
1177 3666 1228 3714 que

746 3721 797 3769 iam
825 3720 853 3768 in
881 3717 1058 3783 superioribus
1087 3717 1229 3783 disputavi·

746 3802 811 3837 mus.
859 3785 887 3835 Si
910 3793 997 3836 autem
1019 3802 1080 3836 vere
1103 3792 1142 3836 est
1163 3787 1229 3836 haec

746 3854 924 3919 interpretatio
941 3861 1047 3915 nostra,
1065 3855 1142 3904 facile
1160 3870 1228 3904 care·

746 3924 833 3973 bimus
855 3923 933 3973 etiam
957 3923 1106 3973 coniectura
1134 3923 1229 3973 Hein-

746 3990 863 4040 dorfii:
894 3991 937 4039 uoti
973 3987 1124 4049 δυνάμενον
1156 3991 1228 4055 πλη-

749 4063 848 4121 ροῦν,
878 4059 1071 4123 πληρουντα
1097 4060 1151 4107 καὶ
1175 4061 1228 4121 χαί·

749 4142 829 4189 ροντα
846 4121 901 4174 εδδ.
921 4129 978 4191 ζῆν.
1014 4125 1134 4176 Ceterum
1151 4126 1229 4176 Bek-

746 4194 861 4253 kerus,
896 4194 940 4256 qui
973 4193 1080 4242 retinuit
1111 4193 1229 4245 codicum

746 4260 897 4321 lectionem,
924 4274 1003 4325 prave
1032 4260 1152 4311 distinxit
1174 4279 1230 4316 ora.

746 4330 842 4378 tionem
861 4333 987 4378 commate
1004 4333 1063 4391 post
1080 4330 1230 4395 πληροῦντα

746 4396 907 4460 interposito.
