3242 5259
497 605 679 666 cousins
700 607 733 666 P.
757 611 829 665 ooo.
851 607 895 666 es.
919 595 961 666 st.

1175 610 1233 665 123

214 768 412 849 μεμαθηκὼς
432 768 570 844 δίκαιος;
593 772 625 831 Γ
624 770 689 831 ΟΡ.
714 769 852 842 Πάντως
873 769 987 851 δήπου.
1030 770 1108 831 Est.
1138 767 1181 831 ‘0
1202 766 1235 831 di

213 866 339 940 δίκαιος
354 867 461 929 δίκαιά
476 889 543 930 που
563 867 698 946 πράττει.
745 871 774 929 Γ
775 869 839 929 ΟΡ.
879 867 956 929 Ναί.
999 867 1076 928 Est.
1102 860 1235 929 Οὐκοῦν

215 965 342 1044 άνάγκη
373 959 431 1027 τὸν
461 962 633 1046 ῥητορικόν
663 965 789 1028 δίκαιον
818 958 917 1033 εἶναι,
954 960 1014 1026 τὸν
1045 961 1079 1026 δὲ
1107 962 1284 1030 δίκαιονΟ

215 1062 394 1142 βούλεσθαι
422 1061 528 1125 δίκαια
556 1063 720 1142 noueram
767 1065 798 1125 Γ
798 1064 862 1125 ΟΡ.
897 1062 1049 1125 Φαίνεταί
1074 1082 1119 1142 γε.
1161 1064 1234 1125 aaa.

211 1154 389 1224 Ὀὐδέποτε
417 1163 480 1241 ἄρα
509 1161 700 1243 βουλήσεται
726 1155 801 1241 ὅγε
821 1160 944 1234 δίκαιος
964 1160 1094 1223 α’δτκεῖν.
1137 1161 1233 1221 ΓΟΡ.

210 1250 362 1340 Ἀνάγκη.
404 1259 480 1320 Est.
527 1253 593 1322 Τόν
609 1258 642 1321 δὲ
663 1254 836 1340 ῥητορικὸν
856 1259 978 1339 άνάγκη
1000 1253 1035 1320 ἐκ
1054 1260 1113 1321 τοῦ
1133 1257 1234 1338 λόγου

214 1357 343 1420 δίκαιον
371 1349 462 1418 εἶναι.
506 1358 599 1419 ΓΟΡ.
638 1356 715 1419 Ναί.
757 1358 833 1419 ΣΩ.
875 1347 1038 1418 Οὐδέποτε
1064 1358 1127 1434 ἄρα
1156 1356 1232 1433 βου-

215 1456 344 1537 λήσεται
365 1453 383 1518 ὁ
405 1449 572 1534 ῥητορικὸς
593 1453 723 1518 άδικεῑν.
768 1457 799 1516 Γ
799 1455 863 1515 ΟΡ.
903 1446 952 1515 Οὐ
974 1453 1123 1534 φαίνεταί
1141 1474 1187 1533 γε.

267 1704 297 1754 Ο.
333 1700 389 1754 τὸν
412 1703 445 1754 δὲ
469 1702 603 1754 δίκαιον
626 1701 812 1769 βούλεσθαι
831 1704 854 1754 ὅ.
873 1703 926 1770 πρ.]
950 1704 1018 1769 Aug.
1036 1705 1142 1754 Mearm.
1161 1704 1233 1753 Bodl.

215 1773 324 1822 Routhii
341 1774 450 1822 verbnm
468 1770 614 1836 βούλεσθαι
631 1789 693 1834 om,
719 1771 844 1836 probante
863 1772 1101 1822 Schleiermaohero
1124 1777 1150 1821 et
1167 1772 1235 1822 Bek-

215 1842 292 1904 hero;
312 1840 358 1891 sed
376 1846 450 1904 recte
462 1841 557 1890 habere
575 1840 707 1907 vulgatam
725 1841 793 1890 infra
810 1840 953 1890 docuimus.

214 2065 255 2119 ἅν.
270 2087 290 2117 τ.
313 2064 336 2132 ρ’.
352 2066 452 2118 δίκαιον
469 2061 537 2118 εἶναι
554 2069 700 2129 referuntur

214 2137 246 2188 ad
269 2138 404 2201 superiora
426 2136 487 2186 illa:
514 2132 619 2187 Οὐκοῦν
637 2133 699 2186 κατὰ

215 2225 233 2255 τ.
252 2223 271 2254 τ.
296 2203 375 2270 λόγον
398 2205 440 2254 καὶ
465 2200 479 2253 o‘
504 2201 533 2254 td
552 2203 637 2254 δίκαια
655 2221 699 2264 με·

213 2269 341 2337 μαθηκώτ
373 2271 486 2332 deuncem
520 2273 570 2322 ista
599 2278 697 2322 antem:

219 2337 271 2392 Τὸν
283 2339 314 2390 δὲ
334 2337 435 2390 δίκαιον
453 2341 538 2390 δίκαια
555 2338 699 2405 βούλεσθαι

214 2406 352 2471 nodatum
370 2409 513 2473 respiciunt
530 2409 560 2458 ad
578 2409 653 2457 haec:
672 2404 698 2457 ‘0

213 2476 242 2526 δὲ
270 2475 369 2528 δι’τοιοεΙ
397 2474 483 2525 δίκαιά
509 2494 559 2525 που
587 2475 699 2538 πράττει.

212 2543 344 2594 Videlicet
357 2560 439 2605 exeo,
455 2544 522 2608 quod
531 2544 617 2594 rhetor
629 2545 699 2593 iusta

212 2612 319 2673 didicit,
348 2612 478 2678 colligitur
500 2628 558 2662 eum
581 2628 636 2662 esse
660 2613 698 2661 iu-

212 2689 297 2742 stum,
308 2695 349 2745 ,ex
367 2696 397 2730 eo
414 2685 509 2742 autem,
527 2680 595 2744 quod
614 2681 698 2735 iustus

211 2750 280 2797 iuste
299 2747 373 2809 facit,
395 2749 497 2813 cogitur
514 2747 572 2809 hoc,
591 2754 621 2797 ut
638 2764 698 2797 eum

210 2817 279 2866 iuste
316 2831 393 2880 agere
427 2815 516 2865 velle
547 2821 697 2865 statuamus.

212 2884 345 2948 Deinceps
357 2889 442 2933 autem
455 2885 644 2949 argumentatio
659 2883 697 2934 sic

211 2951 343 3016 procedit:
378 2952 479 3013 Quum
507 2952 559 3001 vir
585 2953 696 3001 iustus

211 3020 242 3069 id
270 3020 479 3084 propositum
508 3025 634 3080 teneat,
663 3025 697 3068 ut

211 3093 290 3153 agat
325 3088 428 3148 iuste,
468 3089 696 3153 consequitur,

210 3162 245 3205 ut
261 3169 430 3217 nunquam
448 3155 572 3205 iniuste
590 3157 696 3206 facere

210 3223 304 3272 velit.
342 3223 407 3270 Iam
425 3239 503 3273 vero
521 3223 636 3273 rhetor
653 3238 696 3273 se·

210 3289 354 3341 cundum
390 3296 535 3340 nostram
564 3292 696 3341 ratioci-

210 3359 385 3410 nationem
413 3374 549 3410 necesse
575 3365 624 3408 est
652 3361 695 3408 iu-

210 3432 282 3476 stus
306 3426 362 3476 sit:
390 3441 465 3491 ergo
488 3442 528 3476 ne
552 3426 606 3476 hic
629 3428 696 3490 qui-

210 3494 280 3544 dem
294 3509 438 3558 unquam
454 3495 581 3544 iniuste
598 3511 695 3559 agere

210 3563 311 3612 volet.
347 3560 427 3611 Vides
455 3564 492 3611 ite
519 3563 607 3612 omnia
631 3565 695 3612 bene

209 3631 277 3679 inter
305 3645 334 3679 se
361 3630 498 3680 cohaerere
529 3646 613 3695 neque
640 3631 695 3680 sine

209 3697 305 3748 idonea
329 3712 421 3747 caussa
440 3697 484 3748 -bis
502 3700 696 3748 commemorari

210 3762 255 3813 τὸν
280 3760 422 3828 ῥητορικὸν
446 3759 645 3824 dructemirus,
673 3767 695 3816 si

210 3832 315 3896 quidem
328 3833 388 3882 inde
407 3849 423 3882 a
441 3834 526 3883 verbis
544 3831 589 3884 τὸν
608 3833 638 3884 δὲ
656 3833 694 3884 δι’·

210 3918 285 3950 κάτον
304 3899 391 3950 δίκαια
409 3899 596 3965 βούλεσθαι
615 3898 694 3964 πράτ-

209 3985 262 4017 τειν
289 3968 344 4017 alia
371 3984 432 4032 pars
463 3971 694 4035 argumentationis

210 4036 317 4093 orditur,
328 4038 356 4084 in
366 4052 417 4101 qna
429 4038 536 4088 verbum
549 4035 694 4102 βούλεσθαι

211 4104 337 4168 imprimis
364 4105 391 4152 vi
417 4121 465 4154 sua
491 4107 592 4156 eminet.
628 4107 694 4155 Nam

210 4188 242 4220 ex
264 4187 309 4230 eo,
336 4170 406 4235 quod
430 4173 513 4223 iustus
536 4175 603 4223 iuste
626 4179 694 4238 agat,

212 4239 344 4304 colligitur
375 4255 433 4289 eum
466 4243 545 4292 etiam
569 4247 694 4306 promto

212 4313 242 4356 et
275 4313 392 4372 parato
428 4311 535 4360 animo
564 4326 635 4359 osse
662 4309 694 4358 ad

211 4375 276 4427 iuste
293 4375 432 4443 agendum.
457 4379 524 4429 Sunt
540 4378 619 4445 igitur
637 4393 695 4427 con-

750 2068 881 2119 clusiones
905 2068 966 2118 hae:
996 2065 1011 2118 ὁ
1036 2063 1064 2117 τὰ
1086 2069 1172 2118 δίκαια
1189 2086 1232 2129 με·

749 2133 876 2202 μαθηκώε
888 2135 1000 2189 daturos:
1017 2132 1031 2186 ὁ
1051 2132 1186 2202 dqroptude
1205 2134 1233 2186 τὰ

751 2203 837 2254 δίκαια
854 2201 1004 2269 μεμάθηκε.Ι
1033 2206 1132 2257 δίκαιος
1148 2201 1200 2266 ἄρα
1219 2200 1232 2254 ὁ

752 2268 894 2337 ῥητορικός.
913 2269 938 2321 Ὁ
955 2273 1055 2324 δίκαιος
1070 2273 1155 2352 δίκαγα
1166 2269 1232 2355 flod·

750 2342 816 2390 larus
835 2337 972 2404 npdrrew:
997 2341 1095 2392 δίκαιος
1118 2359 1132 2389 ο
1158 2358 1232 2404 ρητο-
1313 2375 1316 2379 -

752 2406 838 2470 prado:
860 2404 988 2458 οὐδέποτε
1010 2405 1061 2471 ἄρα
1079 2406 1234 2473 βουλήσεται

748 2472 857 2526 ἀδικεῖν.
888 2476 961 2537 Quae
979 2477 1001 2525 si
1019 2492 1079 2525 vera
1096 2487 1165 2537 sunt,
1182 2491 1232 2538 quo

749 2543 1232 2594 iureSehleiermacherustrium

749 2612 868 2662 codicum
884 2613 1035 2660 auctoritate
1052 2610 1122 2660 istud
1139 2607 1232 2675 βοάλε·

750 2681 814 2728 σθαι
841 2680 1015 2741 damnarerit,
1045 2695 1086 2728 me
1115 2680 1158 2729 vel
1179 2695 1231 2727 non

749 2755 868 2797 monente
880 2748 1041 2812 intelligitur.
1061 2747 1145 2808 Quam
1155 2747 1233 2796 facilc

748 2821 834 2865 autem
859 2815 917 2866 Ναί
940 2821 999 2880 post
1024 2807 1093 2864 εἶναι
1121 2816 1234 2880 potuerit

749 2883 875 2945 excidere,
892 2884 975 2948 magis
991 2883 1069 2933 etiam
1085 2883 1192 2946 patebit,
1210 2882 1233 2932 si

748 2953 909 3016 reputaveris
942 2952 1143 3015 colloquentium
1177 2965 1233 3014 per-

748 3035 827 3069 sonas
857 3021 885 3068 in
912 3019 986 3069 codd.
1014 3019 1105 3083 ineptis
1131 3018 1232 3068 duobus

748 3088 851 3153 punctis
866 3088 893 3149 (π)
912 3087 1021 3136 indicari
1040 3087 1130 3137 solere.
1157 3089 1232 3136 Unus

748 3155 803 3205 cod.
832 3155 941 3204 Bekker.
978 3172 994 3204 a
1028 3171 1108 3204 manu
1136 3155 1232 3204 recenti

748 3224 869 3288 scriptum
894 3223 1000 3272 exhibet
1022 3222 1068 3271 τὸν
1092 3219 1232 3287 ῥητορικὸν

748 3292 851 3341 δίκαιον
863 3283 932 3340 εἶναι
947 3289 1030 3342 οὕτως
1044 3288 1090 3342 τὸν
1100 3290 1130 3340 δὲ
1141 3309 1162 3340 κ.
1177 3309 1196 3340 τ.
1210 3293 1229 3340 l.

748 3359 823 3409 Unde
845 3359 903 3422 quis
925 3364 1047 3422 reponat:
1072 3387 1105 3395 -
1128 3359 1231 3408 δίκαιον

747 3419 823 3476 εἶναι.
857 3425 937 3476 ΓΟΡ.
966 3423 1061 3478 Οὕτως.
1096 3424 1149 3475 ΣΩ.
1180 3422 1231 3476 Τὸν

747 3494 777 3544 δὲ
795 3493 897 3544 δίκαιον
915 3513 936 3544 κ.
955 3513 973 3543 τ.
992 3495 1012 3543 l.
1039 3494 1089 3544 Sed
1106 3509 1186 3558 quum
1203 3493 1230 3542 in

747 3562 838 3612 ceteris
856 3561 930 3612 libris
947 3562 1057 3611 voculae
1075 3561 1156 3614 odrae
1174 3561 1231 3610 nul·

746 3631 801 3679 lum
827 3637 910 3680 exstet
932 3631 1085 3694 vestigium,
1110 3629 1167 3679 Ναί
1187 3646 1231 3678 ex-

747 3698 840 3747 cidisse
876 3698 1043 3748 verisimilius
1077 3699 1230 3748 iudicamus.

747 3766 909 3830 Quamquam
924 3783 976 3816 non
995 3768 1104 3816 multum
1122 3767 1232 3816 relucter

747 3834 870 3899 Voegel
880 3835 948 3895 ino,
967 3836 1011 3898 qui
1021 3834 1131 3899 probata
1144 3840 1231 3883 nostra

746 3903 956 3966 interpretatione
974 3903 1023 3952 isto
1044 3903 1101 3953 Nol
1115 3919 1148 3951 ne
1166 3918 1230 3966 opus

745 3970 849 4034 quidem
864 3987 919 4020 esse
938 3977 1032 4020 censet.
1058 3972 1143 4032 Quum
1162 3971 1230 4020 enim

745 4039 841 4087 iustum
871 4055 927 4089 esse
956 4045 1082 4088 oratorem
1097 4036 1162 4087 'ium
1188 4038 1230 4087 de-

746 4111 916 4155 monstratum
929 4107 970 4167 sit,
988 4107 1108 4156 Socrates
1118 4107 1229 4171 Gorgiae

746 4189 855 4223 assensn
889 4190 941 4222 non
976 4180 1124 4238 exspectato
1157 4191 1231 4239 argu·

746 4242 855 4291 mentori
887 4242 978 4305 pergit.
1016 4243 1055 4291 Do
1090 4249 1143 4291 toto
1171 4242 1230 4292 loco

746 4309 841 4374 dignus
852 4316 891 4358 est
909 4309 953 4372 qui
970 4309 1071 4374 legatur
1089 4310 1230 4371 Quintil.

746 4378 870 4429 Institutt.
890 4377 960 4427 Orat.
975 4378 1008 4440 ΙΙ,
1023 4375 1062 4428 15.
1081 4379 1104 4439 §-
1116 4376 1150 4430 24
1161 4395 1231 4447 seqq.
