3242 5259
578 591 760 651 GORGIAS.
783 594 816 652 P.
839 596 908 652 492.
932 597 977 654 ed.
1001 597 1044 656 st.
1261 605 1319 660 231

298 754 403 815 λονοι.
436 750 548 832 δέομαι
569 748 631 817 οιλν
661 751 723 835 ἐγώ
753 770 814 820 σον
834 757 948 838 μηδενὶ
967 759 1075 845 τρόπῳ
1097 762 1239 839 άνεῖναι,
1268 767 1321 828 ἵνα

297 851 344 933 τῷ
366 853 435 911 ὄντι
458 851 639 933 κατάδηλον
659 851 806 935 γένηται,
829 858 898 927 πῶς
918 855 1061 934 βιωτέον.
1084 860 1139 920 καί
1157 883 1212 939 μοι
1232 858 1317 942 λέγε·

298 945 357 1019 τὰς
376 944 436 1027 μὲν
458 945 630 1030 ἐπιθυμίας
651 944 715 1031 φῂς
736 945 776 1014 οιλ
796 951 979 1028 κολαστέον,
1011 953 1038 1015 εί
1056 954 1161 1034 μέλλει
1181 979 1228 1031 τις
1248 951 1320 1022 οἷον

299 1043 350 1105 δεῖ
369 1038 463 1120 εἶναι,
486 1043 587 1108 ἐῶντα
608 1045 642 1109 δὲ
663 1041 761 1122 αιλτιλις
783 1047 826 1123 sig
846 1051 994 1132 μεγίστας
1018 1053 1183 1133 πλήρωσιν
1203 1056 1318 1132 αὐτοῖς
1339 1061 1368 1124 Ε

297 1140 426 1222 άμόθεν
445 1141 480 1223 γέ
502 1149 607 1207 ποθεν
628 1143 819 1227 ἑτοιμάζειν,
848 1148 902 1211 καὶ
932 1154 1029 1211 τοῦτο
1057 1143 1139 1212 εἶναι
1167 1152 1227 1234 τὴν
1248 1154 1317 1233 dpe-

262 1289 265 1294 .
294 1240 374 1320 τήν,
414 1242 516 1304 ΚΑΛ.
552 1242 638 1323 Φημὶ
666 1253 767 1307 ταῦτα
794 1242 866 1325 ἐμώ.
907 1248 981 1308 Est.
1014 1246 1087 1310 Ουίι
1114 1252 1180 1328 ἄρα
1208 1251 1317 1330 ὀρθῶς

293 1334 443 1417 λέγονται
473 1339 505 1401 ol
525 1338 661 1458 pqdevdg
688 1341 835 1423 δεόμενοι
861 1336 1048 1424 εὐδαίμονες
1077 1339 1167 1410 εἶναι.
1211 1351 1313 1410 ΚΑΛ.

297 1434 339 1497 Oi
358 1435 447 1497 λίθοι
456 1435 530 1517 γάρ
551 1436 593 1500 ιλιν
614 1436 699 1500 ολλτοι
721 1462 757 1520 γε
778 1440 830 1503 καὶ
852 1441 884 1503 ολ
902 1440 1011 1521 νεκροὶ
1034 1438 1314 1524 εὐδαιμονέστατοι

294 1526 368 1595 εἷεν.
413 1535 486 1596 zu.
514 1530 645 1598 Ἀλλὰ
628 1534 687 1616 μὲν
716 1535 756 1619 δὴ
777 1562 831 1600 και
852 1536 896 1612 ὥς
921 1560 956 1619 γε
983 1538 1024 1600 σὺ
1050 1536 1150 1622 λέγεις
1171 1541 1274 1616 δεινὸς
1294 1543 1313 1607 ιλ

291 1631 371 1710 βιᾝος
403 1622 443 1692 οὐ
471 1631 532 1711 γάρ
562 1654 611 1695 τοι
639 1630 832 1717 θαυμάζοιμ’
855 1641 913 1710 άν,
949 1630 1178 1721 είΕιλριπίιλης
1206 1641 1313 1724 usque

292 1725 328 1790 ἑν
349 1727 453 1801 rossus
474 1726 566 1808 λέγει,
588 1725 703 1810 λέγων

341 1989 371 2036 E.
389 1983 519 2047 ἁμόθεν
537 1987 571 2052 γε’
589 1990 673 2037 ιιοθο
685 1986 713 2054 ν]
733 1989 775 2038 Sic
792 1991 928 2040 Beklrerus
947 1997 972 2041 et
990 1990 1086 2043 Coraes
1103 1993 1135 2042 de
1152 1995 1309 2045 oonieotura.

289 2054 364 2105 Libri
383 2071 473 2105 omnes
491 2051 603 2105 ἄλλοθεν
595 2054 650 2122 ys?
668 2058 760 2106 ποθει

340 2119 640 2183 εὐδαιμονέστατοι
664 2116 750 2190 εἶεν]
787 2125 875 2174 Clark.
894 2126 953 2174 vat.
977 2127 1074 2191 aliique
1096 2127 1205 2192 plurimi
1228 2128 1307 2185 ειᾛοιν

288 2208 374 2241 errore
384 2191 529 2241 mansfesto
547 2193 615 2241 Dein
629 2192 789 2241 Badham.'1n
804 2193 963 2242 Schneidew.
982 2195 1112 2260 Philolog.
1130 2196 1229 2260 T..pX
1231 2194 1307 2248 ..729

287 2276 334 2323 pro
361 2255 397 2310 oie
414 2276 443 2321 γε
463 2255 495 2308 σιλ
513 2256 594 2324 λέγειν
611 2261 712 2309 mavult
736 2251 757 2309 ολ
769 2279 783 2308 ν
806 2278 837 2325 γε
856 2257 889 2310 σὺ
907 2259 994 2344 λίνοιο
1029 2262 1081 2312 Sed
1097 2269 1167 2313 reete
1184 2280 1212 2313 se
1211 2211 1307 2314 phebet

288 2326 406 2392 vulgate,
424 2342 490 2391 quae
508 2326 558 2377 hoo
576 2327 720 2392 signifieat.
739 2329 781 2377 καλ
799 2326 891 2386 οὕτως,
909 2325 945 2381 oie
965 2327 997 2378 οὐ
1015 2327 1103 2395 λέγειν.

287 2578 348 2612 οιιιιι
358 2561 497 2624 infinitivo,
512 2579 543 2613 ao
555 2563 578 2612 si
589 2564 772 2628 praecessisset

287 2631 348 2680 δεῖν
372 2627 500 2694 κολάζειν.
544 2631 770 2681 Constructionem

286 2700 352 2747 satis
382 2700 541 2765 frequentem
576 2700 709 2765 attigimus
738 2699 770 2749 ad

287 2767 386 2818 Criton.
409 2782 432 2818 o.
457 2767 515 2817 XII.
540 2783 564 2831 p.
583 2766 622 2817 51.
647 2768 676 2816 Β.
720 2769 770 2817 Ριο

286 2835 359 2898 vulg.
382 2830 527 2884 ἄλλοθέν
549 2835 585 2900 με’
608 2836 770 2884 ποθενπο-

284 2900 453 2966 quirebamus
492 2902 606 2966 aliquam
640 2903 770 2964 voculam,

285 2985 353 3034 quae
376 2970 530 3019 sententiam
558 2970 628 3020 hene
650 2940 770 3020 Ιιιιλιοιολί

284 3039 397 3100 iisque
430 3037 652 3102 undecunque
680 3054 768 3102 para·

283 3122 317 3155 re
337 3104 573 3169 expletionem.
592 3106 768 3169 Itaqueuniee

283 3189 375 3222 verum
405 3172 473 3236 quod
506 3174 675 3237 reposuimus.
727 3176 768 3224 De

283 3242 334 3290 isto
352 3237 458 3299 ἁμόθεν
474 3239 503 3304 γε’
522 3242 610 3290 ποθεν
635 3257 660 3293 v.
679 3242 767 3291 Butt-

280 3324 386 3359 mann.
406 3307 517 3359 Gramm.
536 3309 653 3373 amplior.
682 3310 712 3362 T.
732 3311 765 3362 II.

280 3374 384 3440 p.285.
402 3381 429 3424 et
449 3376 602 3428 Eustath.
620 3376 653 3425 ad
671 3376 730 3440 Ody
732 3393 765 3430 ss.

280 3393 312 3494 Τ.
334 3445 388 3507 l.p
392 3441 440 3494 .8.
458 3443 496 3491 ed.
515 3443 586 3508 Lips.

315 3512 346 3559 Ε.
377 3510 410 3559 οἱ
432 3509 580 3594 μηδενὸς
611 3507 766 3570 δεόμενοι

282 3575 492 3639 ειλὸαιμονιιο
510 3571 609 3644 εἶναι]
629 3577 766 3628 Nobilissi-

282 3662 354 3695 mum
372 3646 486 3695 Soeratis
509 3645 605 3695 dietum
623 3645 692 3710 apud
708 3647 765 3696 Xe-

279 3714 375 3779 noph.
404 3715 483 3763 Mem.
506 3715 530 3775 1,
553 3712 582 3776 6,
607 3712 653 3764 10:
677 3714 764 3763 nihil

280 3797 377 3847 egere
401 3796 473 3830 esse
496 3780 644 3843 deorum,
672 3797 763 3845 quam

280 3851 412 3898 minime
442 3854 552 3898 autem
580 3850 763 3913 proximum

280 3935 296 3967 a
319 3917 403 3978 dlis,
433 3915 589 3966 celebratum
611 3916 724 3966 maxime
748 3919 764 3966 a'

280 3987 401 4051 Diogene
419 3985 530 4048 sitisque
546 3985 660 4048 Cynicis.
678 4001 701 4033 v.
720 3984 764 4034 do-

278 4059 347 4103 otam
358 4053 552 4102 annotationem
564 4051 728 4102 Ruhnken
737 4053 763 4100 ii

279 4121 313 4170 ad
336 4121 353 4174 l.
372 4136 394 4170 ο.
414 4126 440 4168 et
461 4120 593 4171 Dissen.
618 4121 657 4170 De
680 4119 763 4184 philo·

278 4189 371 4253 sophis
402 4188 495 4238 morali
526 4189 554 4236 in
582 4188 763 4252 Xenophontis

277 4258 309 4306 de
328 4257 435 4306 Socrate
453 4257 642 4306 commentariis
669 4255 763 4306 tradita

277 4322 363 4443 Ρέλ
378 4392 470 4442 λίθοι
492 4387 554 4456 γὰρ
579 4409 619 4440 αν
642 4389 689 4457 -]
714 4392 762 4442 Re·

823 2565 903 2612 fertur
919 2561 969 2630 γάρ
995 2564 1028 2613 ad
1045 2565 1200 2614 sententiam
1225 2581 1239 2614 e
1263 2581 1304 2614 su-

822 2632 967 2716 perioribus
990 2633 1067 2682 faeile
1093 2633 1303 2718 intelligendam:

822 2695 869 2748 οιλκ
893 2696 990 2785 ὀρθῶς
1016 2692 1089 2750 οὗτοι
1115 2699 1231 2766 λέγονται
1259 2697 1302 2750 ειλ-

824 2761 990 2826 δαίμοιεο
964 2785 1040 2817 strat.

856 2830 946 2884 Ἀλλὰ
964 2834 1076 2901 μὲνδὴ
1094 2834 1148 2884 καλ
1167 2832 1302 2902 drys—J

821 2903 900 2951 Refut
890 2909 944 2952 tare
961 2855 1076 2953 instituii
1064 2904 1210 2953 tSooratos
1223 2903 1302 2954 Calli-

821 2970 885 3018 clem
904 2971 956 3032 sio,
979 2978 1008 3020 ut
1029 2972 1141 3035 primum
1163 2977 1251 3021 utatur
1268 2973 1302 3021 si-

820 3037 982 3101 militudine,
1010 3038 1103 3089 deinde
1125 3038 1203 3088 etiam
1226 3055 1301 3104 argu-

819 3112 906 3155 menta
923 3107 1014 3156 afferat
1030 3123 1063 3156 ex
1081 3108 1139 3171 ipsa
1155 3109 1193 3156 rei
1208 3112 1301 3158 natura

820 3175 908 3237 petita.
943 3175 1091 3224 Miserrima
1107 3189 1181 3235 vero,
1207 3175 1300 3239 inquit,

819 3242 874 3290 vita
890 3242 942 3290 ista
959 3243 1036 3303 foret,
1059 3257 1137 3305 quam
1160 3248 1189 3291 tu
1205 3242 1300 3292 deseri-

818 3311 901 3373 psisti,
919 3316 996 3374 atque
1013 3310 1090 3358 morti
1105 3309 1252 3371 simillima,
1270 3316 1300 3360 ut

820 3384 889 3427 reete
864 3378 1025 3427 tvideatnr
1041 3376 1171 3426 iudicasse
1188 3377 1233 3440 qui
1250 3393 1298 3427 nos

817 3445 869 3493 iam
896 3461 967 3494 nuno
999 3450 1114 3494 mortuos
1145 3459 1202 3493 sese
1232 3443 1299 3493 dixit

818 3512 933 3575 adeoque
954 3528 1048 3577 eorpus
1073 3516 1190 3561 nostrum
1212 3512 1298 3575 sepul·

817 3595 890 3629 orum
907 3581 1057 3629 nominavit.
1086 3580 1172 3643 Atque
1188 3577 1297 3629 eandem

817 3647 850 3696 ob
867 3662 986 3696 caussam
999 3647 1101 3711 aliquis,
1118 3647 1222 3697 nomine
1233 3662 1297 3695 non·

816 3714 883 3764 nihil
900 3720 1006 3776 mutato,
1023 3730 1080 3763 eam
1091 3715 1173 3764 nostri
1189 3721 1297 3778 partem,

816 3784 843 3830 in
857 3799 908 3846 qua
918 3783 1009 3832 insunt
1018 3783 1181 3847 cupiditates,
1198 3781 1297 3831 dolium

816 3850 970 3915 appellavit,
1004 3851 1072 3917 quod
1100 3852 1128 3898 in
1156 3850 1242 3899 stultis
1270 3855 1297 3899 et

815 3934 869 3967 non
886 3919 995 3969 initiatis
1012 3919 1169 3983 perforatum
1187 3919 1235 3978 sit,
1259 3918 1296 3966 ita

815 3992 851 4046 ut,
876 3986 1000 4051 quidquid
1024 3985 1188 4046 infundatur,
1210 3984 1296 4034 denuo

815 4054 911 4106 effluat.
953 4052 1029 4104 Unde
1054 4052 1122 4108 idem
1149 4052 1221 4114 illos,
1251 4053 1295 4116 qui

815 4121 967 4184 cupiditates
980 4121 1084 4185 explere
1097 4118 1209 4180 student,
1227 4134 1296 4168 eom·
1379 4151 1384 4157 ι

814 4189 916 4254 paravit
926 4204 985 4237 oum
997 4189 1038 4248 iis,
1056 4189 1101 4251 qui
1115 4187 1184 4252 apud
1197 4187 1295 4237 inferos

814 4255 899 4306 cribro
933 4257 961 4304 in
1000 4254 1098 4305 dolium
1137 4255 1295 4318 perforatum

816 4339 910 4387 aquarn
935 4323 1071 4373 infundere
1098 4327 1245 4372 narrantur.
1261 4351 1295 4360 -

813 4392 1013 4457 Exscripserunt
1038 4390 1188 4457 philosophi
1214 4389 1295 4440 verba
