3242 5259
338 593 399 647 294
747 590 944 650 PLATONIS

254 815 256 819 ,
336 753 373 814 τὸ
394 752 463 814 δεῖν
482 752 652 833 γίγνεσθαι
671 751 928 834 μηχανοποιούς,
950 751 994 825 ὡς
1015 749 1111 815 οὐδὲν
1131 743 1234 815 τᾶλλαί
1255 747 1354 812 ἐστιν·

338 849 448 923 ίκανὸς
469 848 531 931 γὰρ
562 851 649 935 αὐτῷ
677 849 695 913 5
722 851 825 930 λόγος.
855 847 935 912 ἀλλὰ
956 849 997 912 σὺ
1018 849 1114 913 οὐδὲν
1133 838 1235 931 ἧττον
1256 848 1356 911 αιήοῦ

337 951 551 1027 καταφρονεῖς
586 947 640 1009 καλ
674 955 730 1028 τῆς
757 944 869 1028 τέχνης
897 955 954 1027 τῆς
982 945 1126 1021 ἐκείνου,
1165 945 1220 1009 καὶ
1251 947 1296 1020 ὡς
1323 943 1356 1008 ἐν
1399 950 1404 959 “

340 1043 455 1107 ὀνείδει
476 1041 687 1118 οίιτοκαλέσαις
708 1043 749 1107 dv
769 1046 1009 1126 μηχανοποιόν,
1030 1043 1149 1129 καὶτῷ
1171 1043 1238 1107 υίεῖ
1257 1045 1356 1107 αὐτοῦ

339 1135 404 1204 οὔτ’
433 1140 474 1204 ἂν
502 1142 617 1206 δοῦναι
651 1139 817 1222 θυγατέρα
845 1138 987 1217 ἐθέλοις,
1022 1134 1088 1206 οὔτ’
1117 1141 1159 1204 ἂν
1188 1141 1287 1216 αὐτὸς
1313 1144 1355 1226 τῷ

338 1248 461 1302 σαυτοῦ
489 1240 600 1319 λαβεῖν
630 1238 691 1318 τὴν
720 1237 854 1302 ἐκείνου.
892 1239 996 1302 καίτοι
1027 1237 1058 1316 ἐξ
1087 1227 1133 1302 ὧν
1161 1237 1201 1300 τὰ
1234 1249 1355 1302 σαυτοῦ

338 1334 487 1410 ἐπαινεῖς,
508 1337 571 1400 τίνι
593 1336 706 1418 δικαίῳ
726 1337 811 1418 λόγῳ
828 1346 887 1399 τοῦ
904 1346 1125 1418 μηχανοποιοῦ
1141 1341 1356 1417 καταφρονεῖς

278 1435 310 1498 Ι)
339 1433 477 1497 καὶτῶν
505 1437 611 1496 ἄλλων
641 1421 688 1496 ὧν
708 1439 772 1497 νῦν
799 1431 839 1516 δὴ
871 1430 997 1515 ἔλεγονς
1026 1427 1086 1497 οἷδ’
1117 1429 1167 1497 ὅτι
1195 1434 1297 1515 φαίης
1317 1434 1354 1497 ἂν

340 1532 473 1612 βελτίων
501 1525 585 1594 εῖναι
611 1529 666 1594 καὶ
694 1529 729 1594 ἐκ
758 1532 941 1611 βελτιόνων.
975 1532 1012 1595 τὸ
1043 1531 1077 1594 δὲ
1106 1528 1236 1612 βέλτιον
1267 1533 1295 1594 εί
1313 1531 1353 1614 μὴ

391 1749 420 1828 Ο.ι
438 1744 539 1797 αὐτοῦ
558 1764 706 1832 καταφοο
718 1746 794 1814 νείε]
813 1748 913 1798 Vitioae
931 1748 1019 1813 steph.
1039 1756 1224 1813 καταφρονεῖς.

391 1811 452 1865 οὒτ’
471 1811 626 1867 ἂναιλτὸε
644 1821 685 1881 τῷ
704 1815 976 1882 σαυτοῦλαβεῑν]
996 1816 1129 1884 Verbere)
1150 1823 1259 1879 σαυτοῦ,
1277 1819 1351 1884 vulgo

340 1884 407 1933 male
429 1884 538 1945 omissa,
563 1883 676 1933 restituit
697 1883 833 1933 Bekkerns
850 1899 882 1932 ex
901 1885 959 1934 Par.
977 1885 1022 1945 V.,
1044 1902 1093 1935 nos
1110 1869 1231 1936 dedimus
1248 1887 1353 1936 etiume

340 1951 408 2004 Flor.
426 1950 451 2001 b.
487 1952 522 2001 Iis
541 1951 643 2000 omissis
661 1952 787 2031 sententia
798 1953 992 2067 pervertitur
978 1921 1091 2003 miiifice.

391 2014 552 2084 Ι).μὴγε“ιρ
577 2015 793 2079 τοῦτομέν,τ
833 2021 907 2085 ζῆν
931 2016 1059 2070 οαοσον
1082 2019 1200 2087 dexo]
1220 2020 1307 2088 Vulgo
1324 2039 1354 2086 μη

340 2223 417 2285 quie
431 2226 540 2272 catera
553 2221 644 2271 nihil
659 2220 738 2283 sint,
757 2221 781 2269 λι.
796 2237 819 2270 ε.
870 2221 930 2270 tatis
953 2236 1047 2271 caussa
1064 2217 1100 2274 oie
1117 2220 1149 2271 ἐν
1165 2217 1267 2273 ὀνείδει
1285 2223 1350 2273 eddi·

339 2306 376 2339 ne
411 2289 518 2339 flocci
553 2289 681 2353 quidem
721 2289 820 2339 aesti·
870 2293 990 2339 tumeat

339 2357 465 2406 manda
507 2358 618 2423 Egregie
636 2356 766 2407 hommem
782 2357 821 2405 tta
905 2350 989 2419 ἐξ*
967 2374 1011 2406 ων
1046 2352 1079 2405 τὰ
1110 2364 1241 2407 σαυτοῦ
1270 2357 1352 2409 ἐπει

340 2424 440 2474 inducit
457 2424 625 2474 declamrteu
615 2431 674 2486 em
692 2430 721 2473 ut
738 2425 791 2474 ab
784 2441 822 2473 ιιι
847 2435 853 2473 ι
877 2431 943 2476 νεῖε
968 2422 1014 2490 -]
1038 2425 1072 2474 Η
1090 2440 1112 2474 ε.
1131 2423 1160 2474 ἐκ
1178 2422 1281 2476 τούτων
1303 2427 1353 2491 (ae

340 2492 416 2542 choet
406 2499 433 2543 te
450 2498 579 2542 structura
590 2462 707 2575 obliqria
708 2498 824 2542 transeat

340 2560 374 2612 ad
390 2566 486 2610 rectam
509 2563 664 2611 orationem:
687 2555 724 2612 ολε
742 2556 824 2610 οὐδὲν

341 2620 416 2678 τᾶλλά
433 2628 518 2677 ἐστιν·
537 2630 565 2678 in
583 2644 634 2692 quo
651 2629 748 2678 frastra
763 2628 823 2677 hne-

848 2478 1014 2563 :cundum
1041 2493 1088 2555 ea)
1121 2489 1137 2542 ἃ
1165 2491 1195 2542 τὰ
1227 2509 1249 2543 ο.
1274 2493 1353 2545 ἐνίων.

848 2611 852 2631 ³
875 2561 942 2609 conf.
962 2561 1132 2612 Matthiae.
1152 2563 1196 2614 Gr.
1217 2563 1241 2622 θ.
1258 2561 1316 2613 421.
1333 2570 1354 2612 et

875 2629 920 2691 qui
949 2627 1109 2678 simillimum
1144 2629 1233 2679 locum
1265 2636 1354 2681 tractat

341 2698 414 2746 rebat
438 2696 680 2758 Heindorfiua,
709 2697 754 2759 qui
762 2712 822 2779 pro

341 2761 399 2812 ἐστί
418 2760 598 2846 requirebat'
590 2760 652 2812 όντα
675 2763 717 2812 vel
744 2755 822 2812 εἶναι.

343 2827 512 2882 -ίκανὸε
543 2827 601 2896 γὰρ
632 2825 718 2896 αὐτῷ
746 2827 760 2879 5
791 2833 821 2889 λ.,

343 2867 822 2980 namlargaeidicendicopia.

375 2961 596 3016 ἀποκαλέσαιε
623 2960 662 3014 dv
685 2982 822 3030 μηχανο-

343 3029 454 3098 ποιόν]
478 3047 534 3096 per
558 3037 752 3083 contemtum
775 3050 822 3098 ap·

340 3100 520 3166 pellitnres
538 3115 606 3149 eum
622 3100 823 3151 machinato·

342 3184 414 3218 rem.
456 3169 523 3218 Nam
540 3164 683 3217 ἀποκαλεῖν
699 3167 823 3230 invidiae,

341 3236 527 3302 indignationis
546 3243 571 3286 et
584 3236 765 3288 contemtionis
778 3253 823 3286 no-

341 3305 438 3355 tionem
457 3304 605 3355 adiunctam
630 3304 725 3354 hebere
749 3304 823 3355 solet.

343 3373 416 3423 Unde
430 3373 514 3423 lucem
527 3374 623 3437 accipit
632 3373 706 3422 locus
716 3372 822 3422 Theaet

341 3458 364 3506 p.
385 3439 440 3491 168.
460 3442 491 3490 D.
503 3457 604 3506 ‚quem
621 3441 773 3506 interpretes
791 3442 824 3491 si-

341 3510 421 3558 nistre
436 3515 598 3573 acceperunt.
616 3509 823 3592 Xenophont.

340 3577 470 3627 Hellenic.
488 3577 526 3637 ΙΙ,
544 3575 573 3639 3,
592 3574 639 3627 18·
663 3572 827 3628 οίτιοκαλει

342 3640 480 3726 κόθορνόν
497 3660 535 3703 με.
566 3613 732 3694 'tremorem
750 3646 776 3705 Ι,
798 3643 824 3707 2,

341 3712 373 3763 6.
394 3708 454 3763 tots
472 3709 501 3760 δὲ
518 3708 699 3794 λαμβάνονιαε
712 3717 755 3777 τῆε
767 3708 823 3773 ὁμι-

342 3782 397 3832 λίαε
415 3776 516 3840 μισθὸν
533 3773 744 3841 ἅνδρειιοδιστολε
762 3778 823 3830 ἑαυ-

343 3852 395 3898 τῶν
413 3841 581 3896 ἀπεκάλει.
608 3843 823 3905 Ibid.1,6‚13:

344 3911 446 3978 πόρνον
476 3908 557 3964 αὐτὸν
584 3881 823 3962 ἀποκαλοῦσιν,

343 3973 823 4043 Ibid.11,2‚1·.circumacto-

343 4047 472 4114 &prioreve
505 4018 663 4112 ίλχαοίσιουε
700 4045 823 4132 καλουμέ-

345 4135 421 4177 νουε;
456 4144 490 4154 -
523 4113 738 4180 καιαμεμᾰθηκαε
773 4107 825 4164 οὖν

344 4181 403 4237 τοιλε
421 4187 447 4233 τί
461 4190 599 4236 ποιοῦνταε
612 4181 639 4232 τὸ
651 4181 734 4243 ὄνομα
747 4188 823 4233 τοῦτο

344 4249 585 4309 decretorium·
633 4252 713 4301 Plura
747 4252 824 4301 etiam

345 4318 413 4382 apud
424 4319 626 4369 Demosthenem
643 4325 669 4368 et
679 4319 824 4368 Lucienum

343 4386 464 4451 reperias.
495 4389 586 4452 Itaque
603 4387 627 4437 ta
646 4387 663 4438 l.
682 4386 824 4452 perspicui-

874 2696 1060 2812 Bu8ttmann.
1083 2696 1116 2746 ed
1139 2697 1277 2749 Demosth.
1294 2698 1351 2748 Mid

908 2831 941 2884 D.
959 2831 1101 2894 βελτίων
1117 2833 1219 2882 -καί
1238 2831 1272 2883 ἐκ
1290 2835 1353 2898 βελ-

874 2895 1355 3035 t?tttttttrtt‘tttt

875 3050 900 3098 p.
919 3031 977 3084 367
995 3034 1034 3084 cd.
1052 3034 1141 3084 Reisk
1158 3037 1243 3100 Berg
1249 3037 1305 3087 λετ.
1326 3037 1353 3087 ad

875 3101 1007 3166 Aristoph.
1026 3102 1158 3167 Equittp
1159 3102 1243 3155 .186.
1263 3105 1354 3155 Hein-

875 3168 954 3218 dors.
972 3168 1005 3218 ad
1023 3119 1158 3252 λζλιεειλι.Ρ
1149 3187 1174 3235 p.
1192 3170 1254 3222 246.
1271 3174 1300 3222 Β.

910 3232 986 3286 ὄντα
1021 3232 1140 3290 ὁποῐόε
1176 3256 1222 3292 res
1253 3239 1354 3304 ἔτυχε]

876 3319 970 3367 quum
994 3306 1067 3368 quis
1092 3307 1137 3356 sit
1166 3307 1354 3370 qualiscun-

875 3387 935 3435 que
959 3373 1017 3433 sit,
1044 3389 1103 3437 map
1125 3390 1187 3422 υιαιι
1210 3377 1354 3436 scruteris,

875 3439 921 3490 wic
943 3456 1006 3489 κιαιι
1028 3440 1085 3490 wilt.
1120 3441 1187 3490 Nam
1211 3440 1283 3492 ad
1268 3441 1353 3494 οποῐίε

877 3524 912 3558 ue
930 3507 1001 3571 ἔτυχε
1018 3509 1128 3571 intellig.
1148 3503 1193 3558 civ.
1213 3507 1278 3560 ὄντα
1296 3512 1354 3560 refa-

876 3575 983 3625 rendum
1008 3575 1041 3625 ad
1068 3575 1214 3627 subiectum
1242 3578 1355 3629 indefini-

875 3648 929 3692 tum
949 3639 1011 3702 τινοί,
1029 3643 1098 3708 quod
1115 3643 1246 3694 infinitivo
1267 3644 1355 3710 ου’ζειν

876 3711 1033 3776 cogitatione
1061 3711 1206 3761 addendum
1236 3720 1289 3777 est,
1316 3715 1355 3763 vel

876 3779 961 3842 potius
977 3779 1024 3829 illo
1034 3781 1086 3829 inm
1101 3780 1261 3831 continetur:
1282 3798 1354 3847 quam

876 3849 1056 3897 structuram
1048 3864 1100 3896 ram
1118 3864 1196 3913 supra
1210 3849 1293 3914 attigi
1312 3851 1355 3900 Ge·

875 3918 957 3963 terum
975 3916 1086 3965 doristus
1102 3931 1148 3980 pro
1164 3919 1299 3980 praesenti
1305 3933 1355 4001 po

875 3981 940 4030 situs
957 3988 987 4031 ut
1000 3983 1145 4063 Theaetp
1148 3982 1311 4035 .1.790.’
1296 3981 1356 4036 καί·

876 4049 950 4096 λωιοι
972 4048 1035 4115 γάρ,
1060 4050 1087 4100 el
1110 4000 1217 4115 ίίλιχον,
1245 4053 1307 4102 eloi
1325 4080 1355 4089 -

876 4115 928 4164 καί
948 4122 1009 4166 τοῖν
1026 4115 1133 4168 ἄλλων
1151 4125 1281 4183 τεχνων,
1311 4123 1355 4170 Αι-

875 4183 939 4232 tium
957 4200 1050 4236 nomeu
1068 4193 1127 4251 post
1143 4187 1272 4239 artificum
1291 4205 1355 4239 com·

875 4254 1085 4304 memorationem
1104 4254 1215 4304 illatum.

908 4314 1040 4385 μὴᾶλλο
1059 4340 1132 4371 τι-
1150 4328 1209 4373 τοῦ
1228 4321 1272 4375 σοι’
1279 4323 1355 4390 ζειν]

875 4401 913 4438 ne
930 4387 1062 4452 quid-
1079 4390 1172 4441 aliud
1196 4392 1243 4444 ait
1265 4409 1356 4459 quam
