3242 5259
281 597 319 649 36
638 588 937 650 PROLEGOMENA
990 618 993 623 ¹
1090 581 1095 588 ’

280 760 377 834 (Gorg.
398 781 426 836 p.
449 765 518 816 449.
541 757 598 833 A.).
641 758 786 816 Nimirum
807 777 895 816 unam
916 756 1097 833 potissimum
1118 762 1209 815 artem
1228 776 1291 814 ora-

278 845 382 903 toriam
402 864 453 920 pro
480 844 550 918 artis
579 843 672 904 civilis
699 843 899 919 potentissimo
930 842 1040 899 auxilio
1068 848 1106 908 et,
1124 842 1292 899 adiumento

184 991 188 998 ,
279 929 391 1000 habuit,
413 929 519 1006 quippe
541 947 614 1006 quae
636 929 732 985 omnia
752 928 807 986 sibi
828 927 983 986 subiiceret
1003 932 1033 985 et
1053 927 1084 986 vi
1106 946 1139 984 ae
1159 926 1291 1002 potentia

278 1033 331 1071 sua
356 1019 469 1087 regeret
497 1018 528 1072 et
556 1016 745 1087 gubemaret;
790 1033 819 1072 v.
848 1011 960 1069 Phileb.
997 1032 1025 1086 p.
1057 1017 1108 1068 58.
1136 1015 1172 1069 A.
1202 1011 1289 1084 Gorg.

279 1119 306 1173 p.
329 1103 398 1155 491.
419 1099 456 1156 D.
486 1097 544 1155 Sed
564 1117 655 1175 quum
674 1100 729 1155 hoc
750 1096 987 1156 animadvertisse
1007 1096 1165 1174 plurimum
1183 1098 1292 1154 referat

280 1183 315 1239 ad
337 1187 448 1240 rectum
476 1183 512 1240 de
539 1186 600 1240 toto
629 1201 714 1256 opere
741 1181 895 1252 iudicium,
924 1186 988 1239 tum
1015 1201 1074 1238 non
1100 1181 1197 1238 minus
1217 1180 1291 1238 utile

280 1266 336 1324 erit
357 1266 436 1324 aliud
457 1266 527 1343 quid
548 1268 715 1337 observare,
744 1267 822 1344 quod
844 1285 909 1322 cum
935 1265 984 1322 illo
1006 1265 1135 1341 proxime
1157 1269 1202 1323 est
1223 1284 1290 1321 con-

278 1351 418 1409 iunctum.
460 1352 539 1407 Dum
565 1351 642 1408 enim
670 1370 729 1408 una
756 1349 953 1408 rhetorica
981 1349 1114 1410 civilis
1143 1349 1238 1407 taxari
1260 1353 1291 1408 et

279 1436 425 1493 aestimari
445 1436 569 1506 videtur,
591 1435 677 1493 simul
698 1434 787 1493 etiam
814 1437 850 1492 de
880 1438 960 1492 arte
983 1434 1094 1493 civili
1116 1435 1178 1492 vel
1198 1434 1291 1509 poli·

280 1520 358 1577 tica
385 1520 549 1582 instituitur
577 1519 742 1594 disputatio.
798 1519 943 1577 Nimirum
976 1519 1033 1578 fuit
1066 1538 1135 1576 sane
1164 1519 1290 1577 Athenis

280 1603 445 1681 eloquentia
473 1604 544 1663 artis
573 1604 666 1663 civilis
694 1603 770 1662 socia
798 1609 828 1662 et
856 1603 1040 1674 administra,
1070 1609 1104 1662 ut
1133 1603 1225 1662 altera
1253 1605 1290 1661 ab

250 1755 252 1759 Ι
280 1688 373 1746 altera
406 1689 458 1748 vix
493 1707 526 1746 ac
561 1708 598 1746 ne
639 1688 691 1747 vix
724 1688 841 1766 quidem
880 1687 980 1747 divelli
1021 1706 1150 1764 unquam
1184 1692 1291 1763 posset

279 1771 473 1834 Quamobrem
492 1773 551 1829 iarn
572 1773 706 1830 Solonem
732 1772 855 1846 legimus
880 1773 944 1846 lege
964 1772 1008 1830 ita
1028 1772 1226 1843 constituisse,
1257 1776 1292 1830 ut

281 1857 358 1916 cives
379 1858 425 1916 sui
439 1853 529 1934 λέγειν
542 1877 573 1915 τε
587 1854 635 1914 καὶ
649 1852 790 1937 πράττειν
804 1854 893 1915 δεινοὶ
914 1857 1026 1928 fierent,
1048 1856 1161 1914 dicendi
1173 1855 1291 1931 agendi-

280 1961 337 2018 que
371 1941 510 2000 facultate
537 1943 695 2017 prudenter
730 1942 899 1999 consociata.
956 1940 1097 2003 Quocirca
1125 1941 1308 2019 eloquentia

280 2025 374 2085 civilis
395 2027 465 2084 dum
478 2028 531 2084 sub
554 2045 677 2085 examen
696 2031 826 2097 vocatur,
847 2046 907 2083 una
921 2026 1077 2104 eademque
1097 2045 1184 2100 opera
1205 2025 1292 2084 simul

278 2110 368 2169 ctiam
390 2131 490 2168 eorum
509 2110 634 2169 rationes
649 2116 679 2170 et
693 2111 811 2169 consilia
832 2110 1020 2186 explorantur
1041 2115 1128 2188 atque
1142 2115 1291 2182 taxantur,

280 2195 331 2271 qui
344 2197 535 2254 versabantur
548 2195 579 2251 in
599 2195 746 2271 republica
759 2214 792 2253 ac
806 2195 926 2252 dicendo
941 2201 971 2254 et
990 2195 1164 2253 consulendo
1178 2195 1292 2273 aliquas

279 2285 376 2354 partes
404 2279 533 2355 publicas
561 2299 646 2354 agere
674 2282 819 2340 volebant.
875 2280 939 2337 Hoc
967 2280 1057 2354 igitur
1085 2280 1210 2338 alterum
1238 2283 1293 2352 est,

280 2364 357 2441 quod
379 2363 410 2420 in
430 2363 581 2421 iudicando
610 2369 641 2423 et
668 2365 847 2423 aestimando
875 2364 997 2438 Gorgiae
1025 2369 1195 2438 argumento
1224 2364 1291 2422 dili-

280 2453 383 2521 genter
403 2453 448 2507 est
468 2450 687 2508 observandum.
717 2450 774 2507 Sed
795 2450 918 2507 adhaec
939 2449 1049 2508 accedit
1061 2449 1149 2507 etiam
1169 2449 1293 2508 tertium

280 2533 424 2610 quiddam,
447 2534 524 2609 quod
550 2533 581 2590 in
601 2534 656 2591 hac
678 2553 778 2592 caussa
806 2533 1025 2607 diligentissime
1055 2541 1100 2592 est
1120 2534 1288 2592 tenendum

279 2617 411 2677 Pertinet
431 2617 508 2674 enim
536 2618 629 2675 omnis
650 2619 779 2677 Platonis
806 2617 964 2694 disputatio
994 2619 1030 2675 ad
1058 2618 1292 2678 rhetoricam

281 2701 536 2776 artificialem
556 2702 701 2760 recentius
722 2706 839 2761 demum
866 2708 958 2762 ortam
979 2708 1009 2761 et
1037 2702 1105 2760 inde
1133 2721 1151 2760 a
1171 2702 1292 2762 Periclis

280 2790 375 2844 aetate
397 2806 413 2844 e
435 2785 532 2843 Sicilia
551 2787 684 2844 Athenas
704 2788 853 2862 perlatam,
875 2807 963 2864 quam
983 2787 1092 2863 primus
1112 2787 1205 2846 fertur
1218 2788 1292 2846 Gor·

280 2870 342 2942 gias
361 2869 522 2928 Leontinus
542 2889 594 2945 per
614 2870 766 2944 legationis
787 2871 918 2947 publicae
939 2871 1184 2948 opportunitatem
1197 2873 1292 2931 Athe·

279 2955 428 3012 niensibus
449 2953 653 3014 ostentavisse:
683 2956 718 3013 de
740 2955 845 3034 quibus
865 2959 952 3014 rebus
973 2978 1000 3016 v.
1024 2963 1121 3015 annot.
1143 2957 1180 3014 ad
1202 2957 1289 3032 Gorg.

281 3058 304 3096 c.
327 3040 351 3096 Ι.
379 3039 419 3096 in.
448 3043 478 3097 et
498 3040 628 3112 Prolegg.
658 3041 694 3096 ad
722 3042 887 3098 Phaedrum
915 3042 959 3099 ed.
982 3047 1009 3098 2.
1032 3062 1059 3117 p.
1082 3041 1189 3099 XLIX
1209 3061 1290 3120 seqq.

280 3124 325 3180 Ea
344 3143 413 3182 vero
433 3122 548 3186 Platoni
569 3143 621 3180 cur
640 3124 826 3199 displicuerit,
847 3125 965 3183 minime
979 3125 1123 3184 incertum
1144 3132 1197 3185 est.
1219 3127 1292 3185 Visa

280 3207 358 3265 enim
385 3208 436 3264 illa
462 3207 632 3284 philosopho
668 3214 713 3268 est
740 3208 847 3285 duplici
875 3209 1057 3285 potissimum
1085 3211 1150 3268 labe
1186 3211 1292 3270 affecta

280 3312 357 3365 esse,
387 3292 494 3370 quippe
522 3312 612 3370 quum
630 3293 756 3368 primum
781 3295 856 3352 falso
882 3314 988 3352 nomen
1016 3294 1087 3354 artis
1108 3294 1290 3368 mentiretur,

278 3375 347 3435 licet
367 3378 403 3434 ad
425 3376 549 3453 speciem
576 3383 690 3437 tantum
717 3398 812 3456 neque
841 3379 878 3435 ad
898 3379 1052 3438 veritatem
1079 3380 1292 3439 accommodata

280 3466 357 3520 esset
375 3460 497 3539 ideoque
519 3460 686 3521 scientia
707 3454 881 3542 (ἐπιστήμῃ)
902 3463 1018 3539 penitus
1039 3469 1163 3535 careret,
1185 3463 1290 3522 deinde

278 3562 347 3604 vero
368 3547 457 3605 etiam
477 3545 573 3602 omnia
594 3547 630 3603 ad
650 3546 809 3622 voluptatis
829 3547 967 3621 gratiam,
996 3549 1032 3606 ad
1053 3547 1226 3621 utilitatem,
1254 3549 1289 3606 ad

279 3634 400 3688 externa
420 3629 544 3706 denique
565 3632 712 3689 commoda
739 3637 769 3690 et
795 3632 989 3690 emolumenta
1016 3633 1150 3704 referret,
1179 3632 1289 3692 iusti·

278 3713 359 3772 tiae
388 3719 424 3772 et
452 3714 672 3774 honestatis
700 3716 786 3792 plane
814 3716 965 3775 incuriosa
1022 3716 1137 3792 Quippe
1165 3722 1289 3796 utroque

279 3798 395 3856 nomine
416 3797 467 3855 illa
487 3802 569 3857 tanto
596 3800 687 3874 magis
709 3801 838 3870 laborare
865 3801 936 3872 visa,
966 3803 1042 3879 quod
1071 3801 1160 3859 etiam
1181 3798 1295 3877 pravae⁴

278 3883 451 3958 sophisticae
465 3882 526 3941 rim
540 3890 616 3943 esset
630 3890 751 3960 experta
766 3887 895 3962 adeoque
909 3885 971 3943 eius
984 3885 1175 3944 vitiositatem
1194 3886 1237 3946 ita
1257 3886 1289 3957 in

279 3987 310 4024 se
332 3965 524 4043 suscepisset,
545 3974 579 4027 ut
600 3969 626 4026 ei
655 3975 732 4029 esset
751 3971 836 4046 plane
857 3969 1012 4028 consimilis
1041 3975 1129 4047 atque
1145 3977 1287 4050 ‚cognata

277 4051 383 4129 Itaque
404 4053 439 4111 de
460 4053 515 4109 hac
534 4052 598 4127 ipsa
617 4053 761 4113 rhetorica
781 4060 869 4132 atque
898 4059 960 4112 arte
982 4053 1074 4125 civili,
1104 4073 1178 4132 quae
1201 4055 1289 4115 etiam

279 4137 473 4211 sophistarum
494 4137 624 4194 doctrina
644 4143 720 4196 esset
740 4139 848 4197 infecta
869 4144 956 4217 atque
977 4139 1142 4214 depravata,
1163 4139 1196 4197 in
1217 4141 1288 4199 Gor·

279 4220 326 4290 gia
355 4222 464 4294 agitur,
493 4220 522 4277 id
544 4222 621 4298 quod
647 4222 709 4296 ipse
729 4222 917 4298 philosophus
945 4243 1003 4281 non
1031 4226 1151 4282 obscure
1178 4224 1287 4299 signifi-

279 4303 356 4360 cavit
375 4307 499 4379 primum
519 4306 636 4381 quidem
663 4306 746 4364 initio
773 4307 912 4365 sermonis
939 4327 957 4366 a
978 4308 1094 4367 Socrate
1123 4327 1188 4365 cum
1217 4309 1317 4386 Polo,

264 4384 404 4463 instituti
424 4410 451 4463 p.
475 4394 543 4445 463.
566 4391 599 4447 Ε.
622 4422 664 4430 -
686 4397 755 4448 465.
778 4393 821 4462 E„
850 4392 900 4449 ubi
920 4392 1080 4451 rhetoricae
1102 4411 1169 4451 eum
1190 4392 1286 4470 sophi-
