3242 5259
331 611 388 666 118
744 603 941 663 PLATONIS

328 769 387 851 μέν
407 764 517 849 ἔγωγε,
539 755 565 829 6
586 765 765 845 Σώκρατες,
788 763 842 829 καὶ
863 765 959 838 αὐτὸς
978 768 1125 838 τοιοῦτος
1145 755 1246 838 εἶναι,
1277 754 1347 826 οίον

330 866 371 929 σὺ
387 866 526 946 ύφηγεῖ·’
543 864 618 937 ἰ’σως
636 862 745 944 μέντοι
766 873 847 945 χρῆν
868 860 992 926 ἐννοεῖν
1011 859 1065 924 καὶ
1085 863 1122 924 τδ
1141 863 1209 923 τῶν
1229 861 1346 938 παρόν-

330 987 403 1028 των.
426 964 524 1027 πάλαι
540 963 601 1043 γάρ
620 984 680 1035 τοι,
702 959 778 1041 πρὶν
798 961 852 1024 καὶ
872 961 957 1041 ύμάς
979 957 1095 1028 ἐλθεῖν,
1118 957 1180 1040 ἐγὼ
1201 963 1271 1032 τοῖς
1291 981 1347 1020 πα-

331 1068 434 1142 ρούσι4
453 1060 554 1124 πολλὰ
581 1057 802 1139 ἐπεδειξάμην,
835 1059 886 1120 καὶ
916 1062 981 1120 νῦν
1009 1057 1087 1130 ἴσως
1107 1054 1218 1136 πόῤῥω
1239 1057 1348 1120 άποτε-

281 1162 308 1230 O
330 1170 461 1240 νοῦμεν,
483 1157 525 1239 ἢν
541 1156 772 1237 διαλεγώμεθα.
792 1159 902 1218 σκοπεῖ
893 1177 924 1218 ιν
939 1149 999 1218 οὖν
1014 1154 1075 1236 χρὴ
1092 1153 1145 1217 καί
1161 1157 1198 1217 τὸ
1214 1154 1347 1230 τούτων,

330 1261 373 1340 μή
409 1277 498 1329 τινας
538 1255 645 1316 αὐτῶν
674 1254 853 1376 κατέχωμεν
881 1250 1101 1335 βουλομένους
1128 1275 1158 1314 τι
1188 1250 1244 1316 καὶ
1272 1255 1348 1315 ἄλλο

330 1357 488 1434 πράττειν.

395 1451 475 1539 Gap.
498 1449 596 1514 ΧΙΙ.Ι
643 1454 732 1513 XAI.
775 1453 842 1514 Τοῦ
862 1449 922 1531 μέν
942 1451 1145 1532 θορύβου,
1126 1442 1152 1513 ω
1173 1451 1298 1532 Γοργία
1316 1472 1348 1514 τε

331 1553 385 1616 καὶ
407 1551 587 1628 Σώκρατες,
610 1546 701 1611 αύτοὶ
723 1548 854 1611 άκούετε
875 1547 999 1611 τούτων
1020 1551 1085 1610 τιόν
1105 1548 1245 1628 άνδρων,
1268 1551 1348 1631 ’βου-

330 1644 477 1730 λομένων
498 1646 647 1718 άκούειν,
681 1643 738 1707 έάν
758 1668 787 1708 τι
808 1644 932 1727 λέγητε·
965 1643 1032 1726 ἐμοὶ
1054 1641 1083 1709 δ’
1105 1639 1166 1709 οὖν
1186 1647 1241 1710 καὶ
1263 1648 1349 1733 αύτῷ

329 1745 372 1829 μὴ
403 1741 529 1826 γένοιτο
558 1743 696 1823 τοσαύτη
719 1743 867 1825 άσχολία,
897 1738 972 1816 ὥςτε
992 1745 1148 1807 τοιούτων
1168 1745 1277 1825 λόγων
1297 1743 1348 1808 καὶ

331 1842 415 1906 οὕτω
451 1839 633 1959 λεγομένων
667 1841 816 1925 άφεμένῳ
845 1833 1113 1920 προύργιαίτερύν
1140 1863 1170 1904 τι
1197 1841 1349 1921 γενέσθω

278 1940 311 2004 Ι)
333 1945 410 2005 ἄλλο
441 1940 599 2020 πράττειν.
644 1940 746 2002 ΚΑΛ.
785 1939 841 2021 Νὴ
870 1938 945 2012 τοὺς
972 1940 1085 2017 θεούς,
1116 1928 1141 2001 οἷ
1165 1943 1348 2020 Χαιρεφοιν.

329 2040 382 2102 καί
400 2060 459 2118 μεν
479 2034 519 2118 δὴ
540 2036 592 2098 καὶ
614 2030 710 2109 αύτδς
730 2040 861 2109 πολλοῖς
880 2036 942 2118 ἤδη
963 2037 1070 2116 λόγοις
1090 2039 1349 2157 παραγενόμενος

330 2130 391 2200 οὐκ
409 2128 470 2199 οἶδ’
486 2135 512 2196 εί
527 2135 655 2196 πώποτε
673 2133 779 2217 ἥσθην
795 2132 907 2208 οὕτως,
925 2132 1028 2213 ὥςπερ
1044 2135 1127 2211 νυνί,
1150 2127 1219 2209 ὥςά
1233 2132 1347 2217 ἔμοιγε,

329 2234 391 2298 κάν
419 2231 478 2314 την
506 2230 630 2313 ἡμέραν
658 2230 736 2313 ὅλην
766 2230 894 2314 ἐθέλητε
922 2228 1141 2313 διαλέγεσθαι,
1176 2239 1347 2315 χαριεῖσθε.

330 2333 408 2394 Σύλ.
432 2323 525 2391 Ἀλλά
540 2331 614 2412 μήν,
639 2321 663 2391 ὦ
685 2331 881 2406 Καλλίκλεις,
902 2331 938 2393 τό
959 2325 985 2410 γ’
1008 2327 1085 2412 έμὸν
1106 2324 1203 2394 ούδέν
1223 2332 1347 2406 κωλύει,

331 2429 417 2508 ε’ίπερ
446 2426 548 2491 έθέλει
569 2427 717 2509 Γοργίας.
761 2431 792 2490 Γ
792 2429 856 2491 ΟΡ.
886 2428 1028 2509 Αίσχρὸν
1057 2427 1096 2506 δὴ
1117 2423 1154 2491 τὸ
1176 2417 1347 2507 λοιπόν,οέ

330 2529 510 2609 Σώκρατες,
532 2525 674 2607 γίγνεται
696 2523 747 2606 έμέ
769 2546 803 2605 γε
826 2524 868 2606 μὴ
891 2521 1022 2596 ἐθέλειν,
1051 2525 1225 2590 καὶταῦτα
1247 2527 1347 2591 αύτδν

278 2617 316 2696 ΕΧ
331 2624 600 2706 ἐπαγγειλάμενον
629 2623 750 2703 έρωτάν
778 2618 796 2684 6
822 2646 851 2684 τι
871 2646 917 2695 τις
938 2623 1095 2702 βούλεται.
1126 2618 1190 2687 άλλ’
1213 2625 1240 2687 εἰ
1261 2628 1349 2690 δοκεῖ

328 2722 481 2795 τουτοισί,
503 2720 652 2801 διαλέγου
670 2741 702 2782 τε
719 2720 771 2783 καὶ
789 2719 890 2801 έρώτα
907 2715 925 2784 6
940 2743 971 2783 τι
987 2722 1105 2803 βούλει.
1142 2725 1218 2786 ΣΩ.
1233 2717 1347 2788 ’Ἀκουε

380 2903 409 2954 0.
444 2902 632 2967 κατέχωμεν
650 2903 903 2969 βουλομένους]
922 2903 1061 2969 κατέχομεν
1079 2905 1166 2956 Clark
1185 2907 1265 2956 Coisl.
1283 2908 1346 2957 Van.

331 2971 389 3022 ΞΣ.
414 2971 491 3020 Vind.
509 2970 534 3022 2.
559 2972 627 3020 Rau
628 2971 665 3019 hu
680 2971 755 3021 Bodl.
773 2973 880 3022 Mearm
882 2973 982 3037 ‚quod
999 2971 1091 3038 probat
1107 2974 1197 3024 Herm.
1219 2972 1255 3040 μὴ
1272 2975 1346 3025 inter·

328 3039 445 3105 πορεύεο
464 3045 578 3104 accepto.

379 3142 412 3190 D.
447 3138 526 3204 ὅλην
545 3138 698 3206 ἐθέλητε]
724 3140 862 3190 SioVind.
878 3140 903 3193 6.
922 3144 981 3191 Par.
993 3142 1039 3193 01.
1063 3143 1131 3208 Aug
1149 3144 1256 3194 Mearm.
1275 3144 1347 3195 Bodl.

327 3209 396 3258 Flos.
413 3211 438 3258 b
458 3207 482 3257 d
499 3209 516 3257 f.
534 3224 568 3256 m.
587 3224 606 3256 s.
630 3208 698 3258 Vets
716 3207 785 3258 editt.
805 3207 928 3259 ἐθέλοιτε,

378 3310 473 3373 εἴπερ
493 3307 605 3358 ἐθέλει
627 3307 669 3374 Γ.]
691 3310 722 3359 V.
740 3307 836 3370 ἐθέλοι,
856 3309 925 3375 quod
942 3318 1044 3375 praeter
1062 3313 1119 3362 Par.
1137 3312 1196 3362 EF.
1214 3315 1261 3363 vix
1279 3330 1345 3364 unus

328 3377 425 3427 alterve
440 3382 532 3428 tuetur.
1223 3413 1230 3427 .

328 3547 438 3596 Thom
457 3547 540 3610 Mag.
558 3541 709 3630 ύςοηγοῦμαι
728 3546 753 3596 τὸ
773 3548 810 3632 δι·
863 3549 902 3597 Da
922 3554 1030 3597 σκοπεῖν
1046 3544 1081 3614 μὴ
1103 3565 1163 3598 cum
1180 3550 1347 3602 coniunctivo

328 3611 416 3664 δάοκω
434 3613 476 3662 καί
495 3619 672 3675 παραινοῖ-
697 3610 812 3680 πάβρω
863 3617 983 3680 copulato
1009 3633 1033 3665 a.
1056 3632 1115 3666 ann.
1138 3616 1171 3666 ad
1188 3618 1299 3669 Phaedr.
1322 3636 1347 3685 p.

328 3677 585 3741 άποτενοῦμεν,
637 3681 810 3764 longiores
862 3682 920 3734 260.
943 3684 974 3734 Α.
1002 3685 1080 3749 Hipp.
1103 3686 1165 3735 Mai.
1189 3683 1290 3749 p..300
1314 3689 1347 3738 D.

327 3751 456 3798 erimus.
492 3748 564 3797 Alibi
587 3749 657 3798 addit
647 3755 688 3798 tur
706 3749 751 3799 τὸν
769 3747 810 3800 λό-
862 3751 1347 3838 cmususus1gnorat10v1deturpepe

326 3834 383 3881 γον.
396 3833 420 3866 v.
430 3817 652 3866 Hemstarhus.
663 3816 809 3867 adLuaiau.
861 3819 926 3868 risse
940 3820 1130 3882 κατέχομεν.-
1148 3818 1345 3904 προύργιαί-

327 3885 358 3932 Τ.
375 3885 434 3950 I.p
437 3881 518 3934 ,459
541 3885 607 3933 Ast.
625 3884 657 3934 ad
674 3885 754 3947 Ram
757 3883 810 3933 ubl.
863 3903 967 3949 τερον.
1004 3888 1110 3936 Schol.
1149 3887 1344 3973 προτιμότερον.

326 3901 434 4016 μ,402Ρ
444 3952 489 4001 cfr.
507 3958 593 4000 annot.
607 3953 686 4032 ’.τδρ
703 3900 890 4001 4666111
916 3953 972 4002 οοδ
991 3954 1096 4002 Mearm
1125 3963 1250 4018 κρεῖττον
1259 3974 1345 4023 supar-

326 4047 359 4056 -
326 3968 562 4069 pScholiast.
571 4013 726 4069 Δέδοικενὸ
740 4018 808 4081 Γορ-
861 4020 994 4084 scriptum,
1012 4022 1232 4108 interpretatipnia
1244 4041 1346 4076 caussa.

326 4090 383 4148 γίοιε
416 4088 457 4136 καί
493 4085 584 4171 φεύγει
616 4083 672 4168 τὴν
689 4083 808 4147 διάλεξιν,
895 4088 956 4152 Cap.
975 4089 1054 4140 XIII..
1081 4091 1114 4139 D
1151 4089 1209 4141 οίκ
1232 4087 1292 4144 οἶδ’
1317 4093 1347 4145 εἰ

326 4153 434 4203 αἰτιᾶται
458 4153 488 4204 δέ
516 4154 576 4206 τοὺς
603 4151 734 4218 παρόντας
761 4169 808 4201 πα·
862 4153 989 4204 πώποτε
1014 4153 1124 4241 ἣσθην
1141 4157 1261 4228 o6toes]
1285 4164 1345 4212 For-

329 4219 446 4285 νοίργωε
466 4239 501 4274 ωε
519 4219 567 4272 οὐκ
582 4219 809 4285 άνεξομένονε.-
860 4223 932 4272 mula
956 4219 1005 4272 o6n
1022 4217 1072 4273 οἶδ’
1091 4225 1118 4275 ει
1139 4229 1208 4291 apud
1231 4231 1346 4281 Graecos

326 4289 389 4337 Mox
413 4289 563 4354 κατέχειν
592 4296 631 4340 est
656 4290 808 4339 detinere
859 4290 1010 4355 plerumque
1039 4299 1117 4358 negat
1149 4312 1208 4345 cum
1234 4298 1346 4362 quadam

326 4361 355 4405 st
384 4356 579 4409 abstrahere
609 4373 624 4408 a
650 4357 808 4425 negotiis.
861 4357 1032 4422 dubitatione,
1049 4361 1226 4428 υίλιοοΙοοο,
1234 4315 1291 4417 qubi
1308 4373 1347 4417 ast
