3242 5259
277 615 293 666 8
554 651 557 657 ,
633 605 932 665 PROLEGOMENA
992 648 997 659 .

279 782 347 835 ante
375 776 440 834 libri
469 775 635 847 lectionem,
673 771 735 834 0110
764 796 798 833 00
824 775 899 832 libre
927 775 987 832 iam
1015 774 1140 850 perlecto
1169 776 1204 831 ad
1231 794 1294 831 rem

279 866 459 938 praesentem
487 860 658 931 adhibeant,
696 860 824 937 aliquam
853 859 977 932 gratiam
1005 859 1105 916 iniisse
1134 859 1293 917 videamur.

279 948 386 1004 Verum
409 947 576 1002 accedamus
598 954 735 1019 protenus
758 946 793 1001 ad
816 944 853 1014 id,
877 945 954 1020 quod
976 963 1061 1018 agere
1082 943 1293 1001 constituimus.

507 1124 535 1208 1.
570 1123 1064 1224 Enarratiodisputationis.

344 1281 472 1354 Gorgiam,
494 1282 593 1339 rhetor
607 1300 640 1337 ac
653 1281 782 1356 sophista
804 1281 974 1352 Leontinus,
997 1286 1027 1339 ct
1048 1281 1136 1338 Polus
1151 1281 1295 1355 Agrigen-

280 1367 368 1437 tinus,
391 1366 453 1422 eius
470 1365 627 1440 discipulus
650 1385 683 1422 ac
695 1365 854 1434 familiaris,
876 1365 1001 1422 Athenis
1016 1367 1201 1424 deverterant
1219 1367 1296 1441 apud

281 1450 443 1520 Calliclem,
473 1449 621 1506 hominem
643 1470 680 1506 ex
702 1449 798 1526 aliquo
820 1456 949 1524 tempore
972 1449 1010 1524 (p.
1035 1454 1104 1507 515.
1127 1449 1176 1523 A.)
1198 1471 1295 1508 rerum

282 1535 410 1593 civilium
431 1534 600 1604 studiosum,
621 1533 719 1611 ibique
741 1539 837 1591 010101
858 1533 1033 1590 clarissimus
1048 1553 1144 1591 coram
1162 1535 1295 1610 pluribus

282 1619 346 1676 aliis
374 1618 555 1696 eloquentiae
584 1637 653 1675 suae
683 1617 870 1688 artificiosae,
899 1637 992 1693 nuper
1014 1619 1130 1676 domum
1159 1639 1174 1676 e
1197 1619 1296 1677 Sicilia

282 1703 314 1760 in
329 1703 457 1762 Atticam
472 1703 586 1774 allatae,
608 1702 758 1777 splendida
773 1703 915 1779 quaedam
927 1704 1100 1761 documenta
1114 1704 1295 1762 exhibuerat.

281 1789 359 1845 Eum
388 1788 487 1845 audire
513 1789 669 1846 'voluerant
704 1787 793 1844 etiam
821 1787 952 1844 Socrates
988 1788 1108 1865 eiusque
1143 1788 1296 1846 familiaris

282 1871 517 1947 Chaerephonf).
553 1870 632 1932 Quos
654 1870 704 1928 ubi
720 1870 851 1928 Callicles
873 1872 1069 1930 advenientes
1082 1879 1127 1930 est
1148 1892 1163 1930 e
1183 1874 1296 1946 longin-

282 1976 338 2035 quo
369 1956 565 2031 conspicatus,
601 1975 648 2012 eos
670 1960 738 2012 ante
760 1956 845 2012 aedes
874 1975 941 2013 suas
964 1957 1086 2028 salutat,
1116 1961 1204 2034 atque
1233 1977 1296 2015 sero

281 2042 358 2116 ipsos
373 2041 472 2100 venire
487 2059 606 2097 monens
627 2058 732 2112 magna
752 2058 818 2095 cum
838 2040 951 2098 laetitia
971 2047 1084 2112 narrat,
1106 2061 1194 2119 00001
1215 2062 1296 2117 0100-

282 2126 373 2183 010100
394 2126 478 2181 modo
500 2124 621 2197 Gorgias
643 2124 786 2182 orationes
807 2124 878 2182 artis
900 2144 970 2182 suae
991 2127 1180 2188 ostentandae
1195 2145 1297 2184 caussa

281 2209 424 2267 habuerit.
467 2209 585 2266 Confert
606 2209 737 2266 Socrates
759 2209 845 2266 istius
866 2209 1012 2267 tarditatis
1039 2229 1108 2268 suae
1130 2211 1244 2286 eulpam
1265 2212 1297 2268 in

282 2294 543 2369 Chaerephoutem,
564 2290 623 2370 ¹qui
644 2293 740 2367 ipsum
760 2293 838 2350 iuste
860 2293 970 2352 diutius
1000 2294 1031 2350 iu
1052 2295 1114 2352 1010
1136 2303 1297 2354 remoratus

281 2377 327 2436 sit.
364 2376 478 2452 Quippe
500 2382 562 2435 erat
577 2378 765 2452 Chaerephon
786 2377 889 2454 utique
910 2376 1074 2435 Sermonum
1088 2380 1298 2437 Socraticorum

283 2462 482 2533 avidissimus,
505 2467 539 2519 01
554 2461 763 2519 existimandus
785 2462 824 2520 sit
836 2462 1007 2536 magistrum
1027 2482 1116 2540 000111
1137 2463 1298 2522 diutissime

282 2547 314 2604 in
341 2548 403 2604 fore
433 2566 498 2604 eum
528 2547 677 2622 opificibus
706 2546 827 2624 aliisque
855 2546 885 2603 id
906 2567 998 2620 genus
1026 2546 1191 2603 hominibus
1213 2549 1297 2604 collo-

283 2637 422 2708 quentem
452 2630 551 2689 audire
581 2632 716 2690 voluisse.
761 2631 923 2690 Confitetur
944 2650 1016 2706 vere
1035 2631 1223 2706 Chaerephen
1245 2651 1299 2687 sua

283 2717 368 2791 eulpa
397 2716 534 2774 accidisse
562 2717 598 2774 de
627 2717 733 2794 quibus
761 2716 947 2794 conqueritur
970 2717 1115 2786 Socrates;
1145 2717 1195 2773 sed
1222 2715 1298 2772 idem

282 2800 325 2858 ait
346 2802 484 2857 damnum
497 2799 635 2857 facillime
656 2820 740 2875 posse
762 2801 910 2858 resarciri:
934 2800 1070 2873 Gorgiam
1092 2800 1176 2880 0111111,
1190 2819 1242 2874 010
1264 2820 1299 2857 00

282 2904 358 2962 0000
380 2884 436 2942 sibi
456 2885 517 2941 iam
545 2903 610 2941 cum
632 2885 681 2942 illo
703 2884 865 2942 intercedat
885 2884 1096 2954 familiaritate,
1125 2903 1298 2961 quocunque

281 2976 411 3045 tempore
433 2969 549 3027 libitum
569 2969 666 3040 100111,
690 2977 782 3026 artem
804 2988 886 3027 suam
901 2988 963 3026 0000
979 2974 1201 3026 ostentaturum.
1224 2970 1299 3026 Tum

282 3073 351 3112 vero
380 3053 511 3112 Callicles
541 3054 688 3112 Socratem
716 3062 746 3112 et
774 3054 1024 3128 Chaerephoutem
1060 3055 1096 3110 ad
1124 3073 1155 3111 se
1181 3055 1299 3110 domum

282 3138 397 3210 invitat,
419 3144 454 3196 ut
468 3138 626 3214 sophistam
642 3139 762 3197 audiant
775 3138 1018 3196 declamitantcm.
1040 3137 1106 3198 Qua
1125 3138 1298 3196 invitatione

283 3231 400 3299 accepta
415 3223 551 3281 continue
567 3225 602 3280 ad
617 3243 684 3280 eum
698 3228 831 3298 pergunt,
847 3223 923 3280 inter
938 3222 1016 3280 viam
1030 3222 1129 3297 paucis
1144 3224 1299 3280 denatura

283 3308 354 3366 artis
391 3307 623 3380 confabulantes,
658 3327 745 3385 quam
774 3308 895 3380 Gorgias
928 3307 1106 3382 profiteatur.
1166 3308 1299 3366 Socrates

283 3392 368 3464 enim,
396 3393 474 3450 Num
495 3411 572 3463 vero,
595 3412 611 3449 ο
633 3392 757 3463 Callicle,
779 3391 885 3469 inquit,
908 3392 1028 3465 Gorgias
1050 3391 1200 3448 nobiscum
1219 3393 1299 3449 velet

283 3479 412 3535 conferre
434 3475 597 3534 sermones?
627 3475 705 3534 Scire
728 3475 806 3535 enim
828 3476 929 3551 cupio,
952 3496 1026 3554 quae
1048 3475 1153 3533 sitris
1175 3477 1300 3534 stratio

284 3563 354 3620 artis
376 3560 468 3632 illius,
498 3581 585 3638 quam
605 3561 738 3619 factitare
760 3561 841 3618 solet.
885 3562 960 3617 Nam
982 3568 1074 3618 artem
1096 3560 1299 3618 declamitandi

283 3646 339 3703 0110
361 3652 490 3720 10100010
511 3645 595 3703 nobis
617 3650 771 3703 ostentato.
800 3645 969 3720 Respondet
983 3636 1114 3702 Callicles
1136 3645 1190 3702 hoc
1203 3645 1297 3720 ipsum

193 3736 195 3741 '
283 3751 346 3789 esse
368 3750 459 3786 unum
481 3729 618 3807 quiddam
641 3750 678 3787 ex
699 3729 749 3800 iis,
763 3749 765 3752 ’
778 3728 811 3786 10
833 3730 939 3807 0011100
960 3730 1010 3787 1110
1040 3750 1070 3787 00
1093 3730 1300 3788 ostentaverit:

284 3835 352 3872 nam
373 3815 535 3889 professum
556 3815 640 3871 illum
662 3833 724 3871 esse
747 3819 834 3871 antea
856 3835 886 3871 se
908 3815 944 3871 ad
966 3814 1063 3871 omnia
1090 3833 1153 3870 esse
1181 3833 1300 3889 respon-

284 3920 392 3969 surum,
415 3899 450 3954 de
473 3899 579 3975 quibus
602 3898 725 3975 quisque
748 3918 887 3975 quaerore
908 3899 1006 3956 vellet.
1050 3899 1124 3955 Tum
1145 3918 1214 3955 vero
1236 3898 1300 3955 Cal-

282 3985 356 4042 liclis
378 3985 463 4041 aedes
484 3982 607 4056 ingressi
630 4002 724 4040 eoram
747 3983 811 4039 aliis
819 3978 868 4055 ff)
891 4002 956 4039 cum
978 4002 1011 4040 eo
1033 3982 1133 4041 statim
1147 3982 1302 4041 ordiuntur

283 4067 467 4147 colloquium.

333 4282 358 4343 l)
377 4283 417 4330 De
435 4278 551 4345 personis
569 4277 666 4344 dialogi
684 4294 707 4327 v.
718 4279 891 4329 Commentar.
909 4278 941 4328 od
959 4277 1051 4344 0447.
1070 4279 1103 4327 Δ.
1120 4285 1145 4326 et
1162 4276 1254 4342 0448.
1268 4280 1300 4326 Λ.

333 4349 373 4404 *ft
393 4350 460 4399 Nam
478 4344 554 4416 κωφὰ
573 4343 699 4408 andrean
717 4347 807 4397 adesse
826 4353 898 4413 patet
914 4364 948 4398 ex
971 4363 998 4414 p.
1014 4344 1072 4398 458.
1091 4345 1120 4396 C.
1138 4347 1171 4395 D.
1192 4343 1301 4396 4110.

281 4413 341 4469 490.
356 4417 389 4482 Β.
408 4415 467 4466 0011.
482 4431 509 4482 p.
526 4411 586 4466 447.
602 4413 632 4465 C.
648 4412 707 4467 455.
726 4413 755 4466 C.
