3242 5259
391 601 450 656 306
800 596 997 656 PLATON'IS

391 755 443 824 ὅτε
466 763 625 843 Περικλῆς
650 763 763 843 ἤρχετο
791 759 895 842 λέγειν
922 758 958 823 ἐν
978 767 1023 840 τῷ
1042 760 1147 845 δήμῳ,
1175 761 1306 843 χείρους
1325 753 1408 844 ἦσαν

390 858 423 921 οι
438 850 615 940 Ἀθηναῖοι
641 857 664 939 ἢ
691 853 742 922 ὅτε
770 857 809 922 τὰ
830 863 994 922 τελευταῖα
1015 855 1139 940 ὲλενενς
1177 861 1285 923 ΚΑΛ.
1305 854 1405 936 Ἴσως.

391 958 462 1018 ΣΩ.
488 957 557 1020 06κ
573 956 650 1031 ἴσως
665 957 714 1038 δή,
738 948 927 1037 ὦβὲλτισιε,
949 952 1014 1019 ἀλλ’
1036 957 1161 1038 ἀνάγκη
1182 954 1218 1021 ἐκ
1238 961 1306 1020 τῶν
1326 959 1406 1041 ὠμο-

338 1062 368 1126 Ε
391 1052 587 1136 λογημὲνων,
615 1054 703 1132 εἴπερ
724 1055 849 1135 α’ναθός
868 1047 895 1135 γ’
917 1047 958 1136 ἦν
979 1054 1100 1129 ἐκεῖνος
1119 1054 1259 1138 πολίτης.
1304 1059 1406 1119 ΚΑΛ.

396 1155 434 1215 Τι’
455 1147 516 1217 οὖν
537 1152 591 1234 θεῇς
624 1156 696 1214 Eeb.
728 1149 841 1215 Οὐδέν.
863 1151 942 1215 ἀλλὰ
962 1152 1035 1235 τόδε
1056 1175 1111 1234 μοι
1132 1151 1199 1217 εἰπὲ
1219 1152 1272 1217 ἐπὶ
1293 1156 1404 1242 τούτῳ,

390 1252 417 1314 εἰ
438 1247 584 1332 λέγονται
604 1252 777 1331 Ἀθηναῖοι
806 1248 858 1313 διὰ
881 1249 1039 1330 Περικλέα
1060 1250 1206 1332 βελτίους
1226 1251 1403 1332 γενονέναι,

389 1344 411 1431 ἢ
439 1359 506 1412 πᾶν
532 1349 726 1412 τούναντίον
754 1348 977 1429 διαφθαρῆναι
997 1345 1051 1412 ὑπ’
1073 1347 1208 1413 ἐκείνου.
1230 1350 1326 1413 παντὶ
1344 1350 1403 1432 γὰρ

388 1562 493 1616 ’Euclea
527 1564 596 1614 Dedi
620 1564 677 1614 Ναί
694 1582 727 1616 ex
750 1564 838 1617 Clark.
862 1565 942 1615 Coisl.
965 1566 1030 1618 Ven.
1056 1565 1115 1616 ΞΣ.
1145 1564 1223 1615 vind.
1249 1565 1274 1617 1.
1295 1565 1320 1618 2.
1339 1566 1362 1619 6.
1380 1566 1403 1619 7.

388 1635 448 1684 Par.
465 1632 564 1684 GVW.
581 1634 650 1684 Flor.
667 1649 690 1683 a.
708 1633 732 1683 b.
751 1649 774 1684 c.
792 1634 816 1683 d.
834 1650 867 1687 m.
886 1650 909 1684 ο.
927 1651 966 1686 x..
977 1633 1051 1684 Bodl.
1069 1640 1095 1683 et
1112 1633 1171 1684 edit
1190 1635 1252 1684 Bas
1270 1633 1296 1685 2

445 1697 542 1752 06κ’
534 1703 613 1754 ι’σιοε
636 1698 672 1751 δ’
657 1701 688 1767 η]
712 1701 898 1752 Edittomnes
917 1701 1018 1766 daipro
1037 1699 1078 1766 δή,
1097 1701 1166 1765 quod
1184 1703 1322 1752 restituis
1340 1703 1400 1753 Ven.

390 1767 450 1820 ΞΣ
478 1769 554 1818 Vind.
579 1768 602 1819 1.
625 1767 648 1819 2.
657 1720 697 1820 6.
721 1768 744 1820 7.
770 1771 829 1819 Par.
854 1770 961 1820 OFIV.
986 1770 1056 1820 Flor.
1077 1769 1102 1823 b.
1120 1769 1145 1822 d.
1162 1786 1188 1820 x.
1212 1769 1283 1838 Aug.
1300 1772 1401 1822 Mearm

388 1837 566 1902 Repetendum
582 1841 687 1901 χειρουι
704 1828 774 1902 ἦσαν
791 1855 814 1887 κ.
833 1856 852 1886 τ.
870 1839 890 1886 λ.

420 2040 453 2089 D.
482 2034 545 2091 Ο6ιι
563 2039 644 2092 ἴσως
668 2036 717 2105 δή,
742 2028 806 2104 old.
824 2037 867 2105 -]
919 2002 1000 2089 vitate
1017 2039 1213 2090 delectarentur.
1251 2040 1322 2104 Quid
1338 2039 1401 2106 quod

387 2107 455 2172 Apte
478 2107 587 2158 contulit
603 2107 768 2158 Routhius
786 2108 868 2173 Legg.
920 2123 936 2156 a
952 2107 1061 2173 pristina
1077 2124 1178 2158 morum
1196 2108 1363 2174 simplicitate
1378 2116 1401 2159 et

387 2175 446 2225 XII.
432 2192 482 2261 .p.
497 2174 602 2227 965.C:
614 2172 698 2228 ’Ἥλιος
720 2172 775 2226 Oria
794 2175 868 2233 ἴσως,
919 2176 1068 2241 frugalitate
1086 2175 1150 2227 adeo
1168 2176 1349 2241 desciverunt,
1376 2183 1402 2226 ut

388 2239 438 2293 ἀλλ’
458 2260 554 2303 cotue,
578 2235 601 2293 6
619 2241 750 2304 δαιμόνιε,
775 2241 868 2327 ταύτης
919 2245 986 2294 inter
1011 2250 1096 2294 scorta
1118 2245 1243 2307 iuvenes,
1271 2245 1331 2295 alea
1356 2245 1401 2294 virl

388 2308 436 2362 οὐκ
453 2312 506 2362 ἔστι
524 2311 672 2375 σαφεστέρα
687 2306 837 2371 μέθοδοι’
821 2329 868 2360 αν·
920 2319 946 2362 et
963 2327 1046 2374 senes,
1068 2282 1298 2364 comissationibus
1316 2327 1400 2363 omnes

387 2376 621 2444 θραιπωνούδενί.
638 2380 777 2445 Perpetem
787 2379 868 2460 vulgo
920 2380 1001 2429 vitam
1024 2380 1210 2446 transigerent.
1235 2380 1263 2430 id
1286 2381 1367 2447 quod
1373 2380 1400 2430 de

387 2464 433 2513 pro
457 2445 490 2514 δή
511 2447 646 2528 legebatur
668 2447 722 2506 δεῖ,
738 2447 849 2512 ‘'quod
841 2463 869 2496 m
919 2448 952 2496 iis
966 2463 999 2497 ex
1012 2449 1179 2515 Theopompo
1190 2449 1293 2500 rettulit
1310 2449 1400 2499 Athe-

387 2515 436 2566 hac
468 2516 550 2580 ellipt
542 2532 585 2565 roa
614 2483 738 2580 loquendi
769 2517 869 2566 ratione
920 2531 1023 2566 naeus
1040 2517 1105 2579 XII,
1127 2515 1191 2582 8.
1193 2515 1276 2568 .532.
1295 2519 1329 2569 D.
1352 2516 1400 2568 vid

387 2599 439 2633 non
456 2583 536 2634 habet
552 2585 646 2636 locum.
920 2585 998 2633 etiam
1020 2533 1191 2634 Philochor.p
1195 2590 1221 2635 et
1244 2584 1399 2635 Phanodem.

420 2686 450 2737 E·
491 2686 527 2736 Τί
546 2675 609 2734 οὖν
632 2681 702 2750 δή]
727 2682 839 2734 [ntum]
840 2701 868 2734 0
919 2651 989 2716 apud
1011 2651 1122 2702 eundem
1144 2652 1237 2703 XLc.
1259 2651 1285 2704 3.
1338 2653 1400 2717 Apte

388 2750 516 2815 a...
535 2752 566 2804 v·
579 2723 716 2817 τινα·
732 2750 868 2817 ινυ
919 2721 1399 2872 aaran&utere-..Pae

387 2822 490 2870 Memn'
508 2836 533 2885 p·
551 2819 592 2873 89
610 2820 643 2869 D
834 2873 836 2876 ·
920 2873 966 2904 ιον
984 2851 1026 2904 ὑπ’
1020 2803 1150 2906 ’dnelvbv
1169 2857 1236 2918 φασὶ
1256 2851 1303 2906 τὸν
1321 2855 1353 2906 d
1338 2874 1400 2923 ημον

421 2941 437 2986 η
452 2939 515 2971 παν
530 2917 728 2971 το6ναντιον
743 2918 867 2985 διαφθ.]
920 2920 964 2971 ἐπὶ
987 2926 1142 2988 κληρουχιαι
1160 2923 1203 2976 καὶ
1222 2876 1353 2990 θεωρικὰη
1360 2924 1399 2974 καλ

284 3020 286 3022 ν
386 2990 463 3039 Plato
487 3004 567 3068 quum
588 2988 717 3038 iudicaret
738 3004 795 3051 eos,
824 2989 869 3052 qui
919 2992 1025 3050 μισθῶν
1065 2988 1192 3052 διανομὰς
1227 2993 1352 3075 προαχθῇ
1355 3010 1399 3046 ναι,

386 3055 464 3106 rebus
488 3056 611 3106 civilibus
634 3062 796 3121 praeessent,
824 3072 868 3105 nc·
919 3063 1003 3111 κακῶς
1027 3057 1172 3109 ἐθισθέντα
1195 3059 1238 3108 καὶ
1256 3057 1399 3144 γενόμενον

387 3140 437 3189 que
469 3140 557 3174 auram
586 3124 736 3188 popularem
763 3129 868 3188 captare
919 3128 1044 3208 πολυτελῆ
1057 3129 1100 3176 και
1116 3122 1298 3177 ἀκόλαστον*
1281 3124 1335 3178 υπὸ
1352 3133 1400 3177 τῶν

386 3208 471 3257 neque
482 3194 597 3256 privatas
614 3192 712 3242 utilitat
702 3198 740 3241 tes
758 3198 783 3241 et
801 3207 869 3241 com·
919 3191 974 3243 τότε
985 3192 1177 3280 πολιτευμάτων
1187 3189 1247 3243 ἀντὶ
1260 3192 1398 3260 σώφρονος

387 3261 463 3311 moda
490 3268 604 3326 spectare
635 3260 743 3323 debere,
773 3261 867 3309 mirum
918 3263 961 3312 καὶ
988 3260 1145 3329 α6τονργοῦ.
1185 3263 1273 3312 Diluit
1300 3264 1399 3328 quidem

386 3330 499 3395 profecto
511 3335 622 3391 nonest,
634 3327 766 3393 quodiam
778 3344 867 3379 severe
918 3331 968 3380 hoc
991 3331 1087 3380 crimen
1110 3330 1268 3380 Plutarchus
1292 3332 1346 3393 ita,
1373 3337 1399 3379 αι

387 3398 417 3448 de
449 3399 550 3449 Pericle
580 3367 712 3447 iudicavit.
763 3397 868 3447 Etenim
918 3398 1038 3448 ostendat
1053 3399 1180 3449 Periclem
1203 3398 1280 3448 initio
1299 3369 1398 3464 quidem

386 3466 446 3516 inde
462 3465 495 3516 ab
509 3483 539 3516 eo
553 3472 675 3531 tempore,
694 3480 744 3530 quo
762 3466 785 3515 is
802 3481 868 3515 rem·
917 3467 1014 3532 populo
1023 3465 1126 3531 placere
1137 3465 1268 3516 studuisse
1280 3468 1324 3517 καλ
1336 3464 1397 3530 πρὸς

385 3533 519 3600 publicam
549 3533 752 3595 administravit,
787 3533 868 3583 Athe·
917 3532 993 3598 χάριν
1011 3537 1206 3601 πολιτευθῆναι,
1227 3550 1278 3599 quo
1296 3536 1398 3586 facilius

386 3603 491 3653 nienses
529 3601 606 3651 valde
643 3607 775 3666 corruptos
810 3617 867 3651 esse
918 3603 1124 3653 adversariorum
1137 3617 1245 3652 suorum
1264 3604 1399 3654 auctorita-

279 3703 285 3716 .
386 3670 624 3723 historiasatistest
625 3677 689 3720 atur.
717 3670 785 3720 Nam
802 3669 867 3720 adeo
917 3676 968 3720 tem
991 3673 1135 3736 frangeret,
1157 3670 1198 3719 his
1221 3677 1310 3721 autem
1328 3688 1399 3736 supe-

287 3737 289 3742 ’
386 3740 413 3788 ια
437 3738 571 3804 segnitiem
592 3744 771 3818 torporemque
788 3737 867 3787 soluti
917 3739 981 3788 ratis
1003 3755 1031 3788 se
1052 3737 1130 3803 plane
1147 3738 1229 3788 aliurn
1247 3739 1397 3800 ostendisse,

386 3813 460 3868 sunt,
483 3811 513 3856 ut
529 3806 567 3855 nil
584 3806 636 3854 nisi
654 3805 709 3856 dies
726 3806 805 3854 festos
824 3820 867 3868 ap·
918 3824 985 3871 προς
997 3825 1025 3856 το
1017 3803 1192 3870 βελτισιον
1184 3822 1212 3854 ια
1230 3777 1398 3873 gubernandi

385 3882 543 3990 paratusque
569 3873 688 3923 ludorum
715 3871 867 3938 magnificos
917 3873 1052 3939 repuhhca
1063 3880 1229 3940 spectantem
1258 3877 1299 3926 lta
1315 3882 1397 3926 temen

386 3948 519 4004 curarent;
544 3947 596 3990 tam
619 3940 740 4005 loquaces
763 3942 867 3989 exstite·
917 3958 972 3991 rem
999 3959 1052 3992 non
1081 3948 1172 4008 negat,
1208 3941 1254 3992 sed
1284 3948 1397 3995 excusat,

386 4017 446 4061 runt
485 4008 701 4094 loquacitatisque
742 4016 867 4069 amantes,
916 4011 983 4059 Eam
1011 4026 1073 4060 vero
1100 4011 1209 4060 ulterius
1237 4013 1398 4077 persequitur

387 4076 450 4131 ὥετε
463 4077 503 4130 εἰς
515 4073 626 4127 ο6δὲν’
612 4075 711 4161 ετεροι
722 4072 867 4139 εὐκαίρουν
917 4078 1099 4143 philosophus,
1124 4079 1169 4143 qui
1188 4078 1283 4128 exinde
1301 4079 1398 4145 colligit

387 4143 403 4213 ἢ
425 4145 509 4212 λέγειν
533 4164 553 4194 τι
576 4141 659 4195 nul
644 4143 753 4195 ακούειν
779 4140 866 4193 καινά·
916 4146 1042 4196 Periclem
1064 4163 1117 4196 non
1138 4146 1236 4196 bonum
1252 4147 1335 4199 fuisse
1353 4152 1398 4197 rel·

386 4232 472 4277 τερον
516 4213 591 4264 Unde
621 4215 700 4264 etiam
730 4212 867 4262 conciones
917 4212 1037 4278 publicas
1054 4214 1242 4276 administrum,
1260 4215 1307 4265 sed
1324 4230 1397 4266 verae

384 4282 523 4347 populares
532 4296 628 4347 magno
645 4281 730 4332 studio
747 4282 867 4344 frequen·
918 4283 979 4331 artis
994 4283 1127 4332 civitatem
1143 4281 1334 4348 gubemaudi
1325 4299 1397 4350 agna·

384 4348 491 4412 tabant,
513 4365 566 4400 non
588 4355 642 4400 tam
665 4354 694 4399 ut
716 4364 806 4399 verum
823 4363 867 4398 au
916 4365 974 4399 rum
999 4356 1024 4400 et
1046 4350 1207 4415 imperitum
1241 4350 1305 4403 huic
1331 4354 1397 4403 enim

383 4414 466 4467 dirae
556 4417 792 4468 mn*rrerborum
809 4431 867 4466 sua·
916 4416 982 4467 illud
1004 4418 1082 4469 unice
1104 4420 1265 4485 propositum
1284 4436 1341 4472 esse
1358 4420 1399 4470 de·
