3242 5259
431 613 615 675 cousus,
638 616 671 675 P.
695 620 764 674 495.
788 621 859 675 ωε.
881 619 926 703 ea.
950 618 992 677 ει.

1167 625 1226 678 245

210 779 283 840 τότε
310 775 364 840 καὶ
392 785 449 860 τῆς
476 777 597 859 ὑγιείας
624 777 852 841 ἀπαλλάττεται
878 782 943 841 τῶν
970 779 1154 861 ὀφθαλμῶν
1173 781 1227 845 καὶ

210 879 368 938 τελευτῶν
398 875 464 958 άμα
493 875 685 958 ἀμφοτέρων
713 877 926 958 ἀπήλλακται;
963 880 1066 943 ΚΑΛ.
1090 874 1227 942 Ἥαιστά

209 995 256 1054 γε.
299 975 376 1036 Σάλ.
409 975 696 1056 Θαυμάσιονμάρ,
726 968 829 1055 οἶμαι,
858 974 911 1036 καί
933 979 1053 1055 άλογον
1073 977 1225 1056 γίγνεται.

210 1064 230 1153 ἦ
253 1071 332 1151 φάρ;
366 1073 470 1135 ΚΑΛ.
499 1071 637 1152 Σφόδρα
657 1092 702 1152 με.

745 1075 818 1134 ΣΩ.
836 1061 928 1134 ”Αλλ’
950 1072 985 1134 ἐν
1006 1073 1102 1155 με’ρει,
1125 1070 1224 1155 οἶμαι,
1246 1080 1275 1143 Β

211 1167 364 1249 ἑκάτερον
384 1168 438 1232 καὶ
457 1170 613 1249 λαμβάνει
632 1167 685 1231 καὶ
706 1169 859 1232 ἀπολλύει
866 1196 874 1244 3
897 1173 998 1232 ΚΑΛ.
1023 1173 1117 1253 Φημί.
1150 1175 1224 1235 ΣΩ.

214 1268 348 1330 Οὐκοῦν
366 1265 420 1330 καί
441 1265 532 1349 ιὀχίιν
553 1267 607 1329 καί
627 1265 800 1330 ἀσθένειαν
822 1269 988 1343 ῶςαύτως;
1022 1271 1124 1332 ΚΑΛ.
1147 1271 1224 1333 Ναί.

211 1367 285 1427 za.
310 1362 377 1427 Καὶ
397 1365 490 1447 τάχος
511 1362 564 1428 καί
584 1365 787 1446 βραδυτῆτας
821 1367 923 1427 ΚΑΛ.
949 1367 1109 1448 Πάνυφε.
1152 1370 1225 1432 aa.

204 1451 252 1524 Ἦ
260 1461 315 1526 καὶ
329 1461 459 1543 τάγαθὰ
474 1460 528 1525 καὶ
541 1461 601 1543 τὴν
617 1462 825 1544 εὐδαιμονίαν
843 1463 895 1526 καὶ
917 1463 1070 1527 τάναντία
1090 1465 1226 1540 τούτων,

209 1561 295 1624 ααιιά
323 1581 356 1622 τε
376 1559 430 1623 καὶ
450 1559 644 1640 ἀθλιότητα,
664 1557 709 1624 ,ἐν
728 1557 816 1641 με’ρει
835 1563 990 1643 λαμβάνει
1010 1555 1064 1626 τεαὶ
1085 1561 1121 1626 ἐν
1141 1559 1227 1645 με’ρει

210 1659 441 1722 ἀπαλλάττεται
469 1654 637 1738 ἑκατέρου;
688 1661 789 1721 ΚΛΛ.
829 1659 966 1732 Πάντως
994 1659 1109 1741 δήπου.
1151 1663 1224 1724 Est.

206 1753 291 1820 Ἐὰν
319 1755 461 1837 εὕρωμεν
488 1759 552 1836 ἀρα
579 1758 674 1834 ἀττα,
705 1744 752 1819 ῶν
781 1756 848 1836 άμα
868 1778 900 1818 τε
920 1757 1150 1822 ἀπαλλάττεται
1172 1753 1276 1822 dir-C

210 1861 345 1936 θρωπος
359 1852 413 1918 καὶ
433 1853 498 1935 άμα
519 1855 588 1935 ἔχει,
610 1853 709 1935 δῆλον
730 1851 779 1916 ὅτι
798 1854 899 1916 ταῦτά
919 1876 955 1935 γε
976 1856 1037 1918 οὐκ
1057 1856 1099 1919 ἀν
1119 1857 1168 1939 ε’ίη
1189 1857 1225 1920 τό

209 1974 241 2016 τε
272 1947 401 2034 ἀγαθὸν
428 1949 482 2015 καὶ
508 1952 544 2015 τὸ
573 1950 683 2014 κακόν.
711 1950 933 2033 ὁμολογοῦμεν
961 1959 1079 2028 ταύτας
1117 1953 1170 2017 καὶ
1190 1949 1226 2017 εὖ

209 2051 295 2132 μάλα
331 2049 529 2130 σκεψάμενος
557 2048 747 2128 ἀποκρίνου.
798 2052 901 2112 ΚΑΛ.
936 2045 1023 2112 'All’
1050 2051 1226 2130 ὑπερφυῶς

210 2149 252 2222 ῶς
273 2147 431 2228 ὁμολογῶ.

275 2245 357 2333 Cap.
378 2245 436 2312 LI.
481 2244 556 2304 ΣΩ.
577 2234 644 2304 Ἴθι
668 2238 707 2324 δὴ
729 2239 779 2304 ἐπὶ
799 2241 838 2305 τὰ
859 2239 1042 2324 ἔμπροσθεν
1063 2244 1225 2326 ὡμολογη-

207 2347 299 2430 μένα.
331 2347 367 2409 τὸ
397 2354 510 2426 πεινῆν
537 2341 639 2424 ἔλεγες
666 2344 804 2424 πότερον
832 2343 895 2426 ἡδὺ
922 2343 942 2424 ἢ
969 2344 1106 2425 ἀνιαρὸν
1126 2339 1226 2420 εἶναι;

209 2446 292 2510 αὐτὸ
308 2442 391 2525 λέγω
406 2440 442 2505 τὸ
459 2451 583 2524 πεινῆν.
629 2443 731 2504 ΚΑΛ.
749 2435 907 2522 ’Λνιαρὸν
924 2439 1039 2523 ἔγωγε·
1061 2440 1098 2505 τὸ
1118 2441 1228 2523 μέντοι

263 2630 294 2678 Β.
331 2628 382 2676 καί
406 2621 584 2689 ἀπολλύει]
613 2624 657 2674 sic
680 2624 768 2674 Clark.
792 2624 851 2673 Vat.
874 2624 954 2674 Coisl
978 2626 1042 2675 Ven.

1063 2626 1123 2676 ΞΣ.
1150 2625 1227 2676 Vind.

209 2699 234 2749 l.
253 2696 278 2746 2.
298 2695 321 2746 6.
341 2693 364 2745 7.
388 2695 446 2743 Par.
464 2692 535 2742 VW.
558 2690 631 2743 Bodl.
649 2692 754 2741 Mearm.
773 2691 843 2741 Flor.
861 2691 884 2744 d.
919 2694 990 2742 Male
1006 2694 1078 2760 vulg.
1095 2690 1210 2744 ducitae

262 2757 296 2812 Ἦ
311 2761 365 2811 καὶ
385 2755 530 2826 τάγαθά]
552 2760 586 2810 V
598 2756 634 2808 Ἢ
647 2760 689 2809 καί
709 2756 738 2808 τά
754 2756 851 2824 ἀγαθά,
869 2761 938 2825 quod
956 2778 970 2809 e
987 2761 1060 2811 libris
1077 2762 1228 2812 melioribus

208 2831 332 2884 emendat
322 2838 385 2880 t.um

264 2900 293 2949 C.
331 2893 564 2947 ἀπαλλάττεται
582 2890 770 2961 ἄνθρωπος]
789 2895 821 2944 V.
833 2891 921 2944 άααλλ.
936 2893 1089 2970 ἅνθρωπος.
1108 2897 1184 2950 Vind.
1203 2897 1228 2949 6.
1284 2920 1287 2925 ¹

207 2966 301 3018 άπαλλ.
321 2985 335 3015 o
329 2962 432 3028 ’ἇνθρ

265 3032 447 3098 ὑπερφυῶς
470 3048 513 3083 ωε
538 3025 681 3095 ditolf]
661 3046 697 3083 ωε
720 3028 836 3079 additum
859 3047 891 3080 ex
916 3031 1004 3082 Clark.
1028 3033 1087 3082 Vat.
1110 3034 1176 3083 Ven.
1196 3033 1226 3083 Σ.

208 3103 290 3156 Vind.
309 3102 333 3153 2.
351 3100 374 3153 6.
398 3103 457 3151 Par.
475 3099 507 3148 V.
524 3098 591 3148 aliis.

209 3274 289 3322 dico
313 3275 346 3319 et
368 3284 423 3333 per
445 3283 478 3316 se
501 3270 693 3330 spectatam,

209 3343 261 3390 ita
292 3345 326 3387 ut
353 3335 493 3387 nondum
523 3334 559 3382 de
589 3349 625 3382 ea
653 3333 695 3382 le-

210 3406 321 3459 vanda
350 3410 384 3455 et
409 3401 576 3467 explenda
603 3402 695 3466 cogi-

210 3475 278 3527 tari
296 3474 404 3523 velim.

245 3539 405 3603 Ἀνιαρὸν
430 3539 542 3622 ἔγωγε·
568 3535 600 3585 τὸ
625 3533 694 3595 μέν·

212 3631 263 3663 τοι
287 3612 452 3659 πεινῶντα
471 3603 607 3654 ἐσθιειν
610 3599 694 3690 ἡδύ.

214 3678 276 3731 ΣΩ
296 3671 480 3726 Μανθάνω·
498 3668 561 3723 ἀλλ’
581 3665 694 3737 ουν-Ι

210 3748 302 3812 Vulgo
325 3746 390 3793 haec
408 3743 446 3793 sio
463 3744 559 3805 scripta
575 3739 696 3804 legeban-

211 3823 269 3865 tur:
290 3813 376 3862 ΚΑΛ.
394 3806 620 3873 Ἀνιαρόνίγωγε.
641 3805 694 3856 ΣΩ.

214 3880 252 3934 Τὸ
264 3880 351 3942 μέντοι
361 3883 491 3928 πεινῶντα
509 3875 613 3926 ἐσθίειν
631 3871 696 3957 ἤθελε

213 3950 304 4002 ΚΑΛ.
325 3945 431 4013 Ἔγωγε.
466 3942 520 3995 ΣΩ.
540 3944 695 3992 Μανθανω·

210 4015 265 4071 ἀλλ’
291 4008 496 4079 οὗντόγεπ.
519 4030 541 4062 ιι.
566 4030 585 4060 τ
610 4012 630 4060 λ
665 4012 695 4059 Iu

211 4103 264 4153 qua
286 4084 338 4133 dist
328 4083 454 4133 tinctione
471 4081 584 4146 profecto
602 4080 697 4128 mirum

212 4161 253 4206 est
269 4152 345 4212 illud,
363 4149 432 4215 quod
450 4149 569 4198 Socrates
585 4146 697 4209 Callicli,

212 4224 260 4288 qui
293 4218 362 4270 nihil
394 4217 446 4267 nisi
476 4216 632 4282 propositam
660 4217 697 4265 af·

213 4289 327 4340 firmavit
343 4285 529 4351 quaestionem,
546 4283 696 4348 respondet:

216 4354 364 4409 Μανθάνω.
408 4351 477 4415 Quid
507 4351 591 4437 quod
604 4350 696 4402 verba.

212 4422 266 4478 ἀλλ’
285 4414 338 4475 οὖν
357 4419 385 4473 τά
401 4438 430 4487 με
448 4424 542 4487 πεινῆν
560 4415 623 4470 αὐτὸ
634 4415 696 4470 ἀνι-

746 3262 823 3328 αρόν,
841 3281 946 3330 prorsus
964 3283 1016 3317 non
1029 3266 1136 3329 habent,
1153 3285 1228 3332 quor-

746 3349 803 3383 sum
831 3333 964 3384 commode
991 3335 1147 3396 referantur,
1176 3338 1227 3385 nisi

745 3401 807 3450 illa:
837 3398 864 3450 τὸ
893 3402 979 3462 μέντοι
1007 3407 1136 3451 πεινῶντα
1167 3402 1226 3452 ἑοθ.

747 3465 810 3534 ἡδί,
818 3485 821 3489 ·
841 3469 944 3519 Callicli
968 3470 1101 3534 assignata
1122 3470 1225 3522 fuci-,int

745 3538 836 3600 Itaque
863 3538 1031 3587 Bekkerus
1065 3539 1162 3601 aliique
1195 3556 1228 3587 ex

745 3605 865 3688 plurimis
887 3605 1019 3655 codicibus
1043 3613 1227 3670 reposuerunt.

748 3672 835 3722 ΚΑΛ
859 3668 1094 3756 Ἀνιαρὸνέγωγε
1122 3671 1227 3734 τὸμέν-

748 3757 834 3788 τοι-
854 3736 911 3824 ἡδύ.
950 3739 1003 3790 ΣΩ.
1022 3741 1107 3791 Καί
1095 3758 1146 3806 εγω
1164 3758 1228 3801 μαν-

747 3803 836 3856 θάνω
854 3804 906 3856 ἀλλ’
922 3799 973 3857 οὖν
991 3805 1019 3857 τό
1036 3827 1066 3875 γε
1085 3827 1109 3858 π.
1129 3827 1151 3858 κ.
1170 3828 1188 3857 τ.
1207 3810 1228 3858 λ.

748 3874 797 3925 Sed
820 3877 910 3941 negari
932 3893 984 3925 nou
1001 3892 1034 3941 po
1036 3884 1087 3926 test
1103 3877 1171 3926 hanc
1189 3893 1228 3926 ra-

746 3944 844 3992 tionem
862 3950 997 4009 propterea
1015 3961 1071 3994 esse
1086 3946 1229 4005 molestam,

747 4011 816 4075 quod
844 4013 995 4061 adversatur
1022 4012 1145 4076 loquendi
1171 4028 1229 4061 con-

747 4085 804 4129 suet
795 4078 888 4129 tudini
920 4081 1011 4143 Neque
1034 4083 1103 4130 euim
1120 4096 1229 4143 usquam

748 4147 845 4195 dictum
867 4149 979 4210 reperias
1001 4148 1028 4196 in
1051 4147 1229 4212 respondendo

748 4214 816 4278 apud
834 4214 916 4263 ullum
935 4215 1062 4264 Graccum
1080 4217 1230 4280 scriptorem

749 4281 790 4332 καί
816 4278 867 4346 ἐγω
888 4278 1033 4342 μανθάνω,
1063 4283 1108 4332 sed
1134 4285 1230 4347 ubique

748 4349 858 4413 simplex
881 4347 1009 4410 μανθάνω
1032 4350 1073 4399 vel
1098 4347 1147 4416 ἤδη
1165 4368 1229 4411 μαν-

749 4414 826 4468 θάνω
844 4424 990 4483 usurpatur.
1026 4418 1152 4486 Suprap.
1171 4417 1229 4473 490
