3242 5259
331 600 370 655 42
687 599 982 659 PROLEGOMENA

330 768 506 841 ostenditur,
526 789 610 848 ‚quae
640 789 729 848 quum
752 770 788 826 ed
818 769 942 844 speciem
970 770 1068 845 potius
1097 771 1235 829 scientiae
1258 791 1346 849 quam

330 855 367 912 ad
389 853 517 912 eiusdem
537 854 691 914 veritatem
712 855 925 912 accommodata
940 854 986 924 sit,
1008 855 1124 912 omnino
1146 875 1236 932 quum
1253 857 1346 915 omnis

329 938 463 1010 virtutis,
493 944 556 998 tmn
584 939 725 1013 imprimis
752 937 883 996 iustitiae
912 937 997 997 lande
1025 958 1128 997 vacare
1150 939 1345 998 existimanda

330 1023 376 1081 sit.
426 1022 511 1085 Quod
539 1028 637 1081 tamen
666 1042 699 1080 eo
728 1024 812 1079 modo
840 1023 1002 1096 peragitur,
1039 1030 1073 1081 ut
1099 1024 1192 1099 ipsius
1220 1025 1344 1100 Gorgiae

329 1109 423 1165 famae
445 1113 476 1166 et
496 1107 704 1166 existimationi
733 1112 883 1182 parcatur,
913 1107 989 1165 sicut
1009 1108 1131 1165 Phaedr.
1153 1129 1181 1183 p.
1206 1110 1276 1167 267.
1298 1113 1344 1181 A.,

329 1192 473 1268 siquidem
494 1193 521 1249 ei
542 1193 643 1251 nativa
656 1193 798 1269 quaedam
819 1191 887 1249 boni
909 1197 939 1249 et
959 1192 1030 1249 iusti
1046 1193 1221 1252 verecundia
1242 1193 1344 1272 utique

330 1277 503 1334 conceditur.
552 1277 591 1334 Et
611 1270 665 1333 hoc
686 1276 801 1353 quidem
824 1275 954 1334 universi
976 1277 1140 1335 certaminis
1161 1277 1280 1336 initium
1301 1284 1346 1338 est

329 1366 360 1420 et
380 1361 473 1436 prima
493 1361 577 1439 quasi
596 1380 710 1436 pugnae
732 1360 903 1434 congressio.

394 1445 521 1521 Suscipit
541 1445 644 1503 deinde
665 1465 825 1503 sermonem
846 1445 949 1515 Polus,
978 1444 1093 1503 iuvenis
1120 1447 1259 1520 magistro
1290 1447 1342 1505 ali·

329 1534 439 1606 quanto
473 1530 603 1600 calidior,
639 1529 856 1601 contentiosior,
891 1529 1043 1600 audacior,
1070 1531 1120 1608 qui
1149 1550 1203 1588 nec
1229 1531 1345 1591 dubitat
1374 1570 1384 1579 -

330 1632 462 1671 caussam
488 1614 645 1672 rhetorices
666 1615 799 1693 quamvis
820 1614 916 1670 minus
937 1614 1089 1672 honestam
1110 1616 1244 1688 gnaviter
1265 1616 1343 1676 tueri

330 1717 363 1755 ac
384 1699 545 1756 defendere.
587 1700 625 1754 ln
646 1719 702 1776 quo
731 1699 825 1757 utitur
846 1698 960 1755 dicendi
987 1718 1093 1772 genere
1114 1700 1269 1774 sophistice
1299 1721 1343 1758 or·

330 1787 399 1840 nato
421 1788 451 1841 ct
462 1782 616 1841 artificiose
632 1784 835 1842 calamistrato.
864 1784 895 1840 Is
916 1802 993 1854 vcro,
1007 1789 1197 1860 posteaquam
1210 1785 1343 1844 Socrates

329 1867 456 1925 ostendit
483 1868 655 1926 rhetoricam
684 1868 739 1926 sibi
767 1867 861 1926 videri
889 1867 974 1925 iuxta
1002 1868 1068 1926 cum
1095 1869 1267 1944 sophistica,
1297 1870 1344 1928 cui

329 1953 483 2008 admodum
503 1953 542 2010 sit
560 1951 701 2026 cognata,
730 1957 823 2010 artem
844 1971 906 2009 esse
927 1952 1013 2026 plane
1034 1953 1225 2011 adulatoriam
1246 1959 1277 2013 et
1298 1974 1344 2012 co·

330 2035 478 2113 quinariae
493 2038 571 2094 haud
585 2036 746 2094 absimilem
759 2040 861 2111 utpote
876 2037 971 2093 omnia
984 2037 1080 2110 gratia
1092 2044 1179 2114 atque
1193 2038 1345 2113 voluptate

329 2121 497 2180 metientem
519 2121 558 2196 (p.
581 2126 651 2178 462.
674 2122 703 2178 C.
726 2154 768 2162 —
790 2126 860 2178 465.
883 2120 944 2193 R),
971 2121 1103 2194 neglecta
1122 2123 1177 2178 hac
1198 2123 1346 2182 sententia

329 2205 410 2262 illam
430 2209 568 2281 protenus
597 2206 743 2263 contendit
771 2206 827 2262 hoc
848 2205 964 2282 quidem
990 2205 1097 2263 habere
1118 2207 1281 2282 proprium,
1310 2214 1347 2266 ut

330 2289 393 2348 eius
422 2309 475 2366 ope
504 2292 540 2350 ad
568 2290 725 2347 maximam
752 2290 782 2346 in
810 2290 959 2364 republica
993 2291 1273 2349 auctoritatem
1308 2297 1346 2351 et

329 2375 544 2450 potentiam
571 2375 766 2450 perveniatur.
817 2375 922 2451 Itaque
951 2391 1015 2430 cam
1051 2376 1093 2432 ab
1128 2395 1197 2433 usu
1226 2381 1264 2435 ct
1296 2377 1345 2434 ef-

328 2453 439 2519 fectu
463 2460 563 2518 laudat
589 2458 939 2536 mirificequepracdicat
959 2477 1059 2514 eorum
1078 2458 1264 2532 felicitatem,
1293 2461 1346 2538 qui

329 2544 394 2603 aliis
414 2545 446 2601 in
467 2544 615 2620 republica
634 2545 700 2619 plus
722 2544 899 2601 habeantet
920 2541 1016 2599 omnia
1037 2542 1155 2601 arbitrio
1176 2564 1229 2601 suo
1261 2565 1345 2620 pera-

329 2646 397 2702 gere
424 2630 552 2706 adeoque
581 2628 652 2685 alios
681 2627 822 2703 supplicio
851 2627 965 2684 afficere
992 2627 1112 2700 possint.
1155 2626 1251 2689 Quam
1279 2649 1345 2687 sen-

329 2712 452 2770 tentiam
474 2713 562 2770 etiam
575 2712 807 2789 Thrasymachus
829 2711 958 2769 defendit
977 2711 1022 2767 De
1036 2711 1159 2786 Republ.
1181 2713 1206 2770 I.
1228 2733 1256 2788 p.
1273 2717 1344 2772 338.

330 2798 366 2853 A.
389 2815 468 2872 seqq.
511 2797 585 2854 Tum
606 2815 675 2855 vero
697 2816 797 2854 scvere
823 2796 854 2852 id
875 2794 986 2868 agitur,
1015 2800 1049 2853 ut
1076 2794 1163 2854 istam
1183 2797 1345 2870 potentiam

329 2898 433 2939 revera
453 2880 563 2937 nullam
585 2899 647 2938 esse
670 2881 798 2956 adeoque
813 2880 1013 2954 impotentiam
1026 2880 1123 2938 vocari
1144 2881 1249 2939 debere
1263 2881 1345 2940 crin·

233 3014 236 3020 .
331 2969 421 3022 catur.
465 2962 578 3040 Quippe
608 2965 762 3039 opponitur
790 2964 834 3020 illi
856 2963 998 3039 opinioni,
1028 2981 1065 3022 ex
1093 2965 1273 3024 meraritae
1295 2985 1347 3024 ex-

330 3053 430 3106 ternae
451 3050 545 3125 specie
567 3050 684 3120 ductae,
713 3049 912 3124 philosophiae
940 3047 1014 3106 ratio
1043 3053 1073 3106 et
1101 3049 1240 3121 doctrina,
1269 3069 1344 3128 quae

329 3133 474 3191 internam
494 3133 620 3191 hominis
641 3134 733 3193 vitam
754 3138 865 3208 spectat
892 3133 1017 3210 indeque
1047 3134 1083 3191 de
1104 3153 1175 3192 vera
1202 3135 1344 3213 cuiusque

329 3217 465 3277 libertate
487 3237 520 3276 ac
540 3219 670 3293 potentia
697 3218 837 3276 iudicium
857 3217 986 3275 assumit.
1029 3219 1158 3276 Docetur
1180 3219 1258 3276 enim
1279 3219 1344 3276 rhe-

329 3303 440 3360 toricen
462 3308 492 3362 et
511 3303 648 3378 politicen
662 3304 756 3360 facere
776 3302 893 3379 quidem
915 3321 1010 3380 quac
1031 3302 1178 3374 lubeat,
1200 3323 1255 3362 nec
1275 3323 1345 3363 vero

330 3406 425 3465 quac
454 3388 555 3447 velit
584 3388 666 3462 (465.
688 3389 721 3445 E.
744 3386 845 3464 seqq),
874 3386 981 3463 quippe
1010 3406 1101 3463 quum
1121 3387 1185 3444 lucc
1207 3388 1345 3447 scientiae

330 3479 426 3531 careat
446 3473 569 3550 ideoque
590 3473 685 3547 ipsum
707 3491 777 3547 opus
804 3470 951 3529 actionum
978 3472 1172 3528 humanarum
1197 3472 1259 3530 fere
1281 3492 1345 3548 per·

330 3560 424 3615 mutet
445 3577 511 3614 cum
532 3558 598 3627 fine,
621 3556 672 3634 qui
693 3557 734 3613 eis
748 3554 911 3631 propositus
932 3575 995 3613 esse
1011 3557 1123 3614 debeat.
1151 3557 1224 3614 Esse
1246 3562 1344 3616 autem

330 3639 419 3698 finem
439 3641 556 3698 illarum
577 3640 652 3698 nihil
672 3641 751 3698 aliud
773 3659 860 3717 quam
881 3643 1029 3711 bonum,
1059 3659 1116 3717 quo
1136 3641 1269 3714 neglecto
1298 3640 1345 3699 vel

330 3724 487 3782 maximam
506 3725 667 3800 potentiam
687 3725 822 3783 miseram
851 3724 1004 3796 exsistere,
1033 3725 1267 3802 quandoquidem
1294 3725 1344 3783 in-

331 3809 436 3868 iuste
472 3829 584 3883 agere
619 3810 710 3867 multo
739 3810 777 3867 sit
803 3809 885 3885 peius
921 3829 1008 3886 quam
1042 3809 1230 3866 iniuriam
1264 3829 1342 3884 per·

275 3933 278 3938 -
329 3894 418 3970 peti.
463 3893 563 3952 Unum
584 3894 661 3951 enirn
689 3897 811 3969 probum
838 3899 868 3952 et
889 3896 997 3951 bonum
1016 3893 1114 3952 virum
1134 3913 1197 3951 csse
1217 3897 1344 3965 beatum,

329 3979 492 4055 improbum
513 3984 543 4037 et
564 3979 673 4036 malum
694 3982 794 4036 contra
820 3978 980 4049 infelicem,
1010 3979 1138 4055 adeoque
1164 3977 1274 4037 iniuste
1301 3979 1344 4036 fa-

331 4063 454 4122 cientem
483 4083 545 4122 esse
578 4063 770 4134 miseriorem,
806 4062 831 4120 si
859 4063 970 4120 nullam
1004 4063 1068 4121 luat
1094 4062 1248 4138 pravitatis
1275 4082 1345 4122 suae

329 4168 460 4224 poenam,
482 4167 569 4227 quam
590 4148 616 4205 si
630 4167 664 4206 ea
678 4147 829 4205 afficiatur.
863 4147 938 4204 Nam
960 4148 1037 4226 quod
1057 4130 1171 4205 dicadrr
1191 4147 1344 4222 turpius

331 4234 448 4310 quidem
477 4228 618 4309 (αἴσχιον)
647 4252 709 4290 esse
738 4231 845 4290 iniuste
873 4251 972 4305 agere,
1001 4251 1089 4309 quam
1116 4231 1179 4307 pati
1198 4231 1344 4303 iniuriam,

331 4336 384 4374 nec
405 4337 473 4375 vero
495 4319 604 4394 peius
627 4312 758 4391 (κάκιον),
780 4316 810 4373 id
824 4315 909 4373 nihili
923 4336 994 4387 esse,
1016 4316 1251 4394 quandoquidem
1270 4316 1344 4375 illud

332 4405 362 4459 et
381 4402 496 4478 turpius
524 4408 554 4462 et
580 4403 663 4478 peius
685 4402 771 4462 simul
798 4421 861 4460 esse
882 4401 1044 4478 reperiatur
1071 4400 1111 4477 (p.
1133 4399 1346 4475 474—476.).
