<?xml version="1.0" encoding="UTF-8"?>
<!DOCTYPE html PUBLIC "-//W3C//DTD XHTML 1.0 Transitional//EN"
    "http://www.w3.org/TR/xhtml1/DTD/xhtml1-transitional.dtd">
<html xmlns="http://www.w3.org/1999/xhtml" xml:lang="en" lang="en">
 <head>
  <title>
</title>
<meta http-equiv="Content-Type" content="text/html;charset=utf-8" />
  <meta name='ocr-system' content='tesseract 3.04.00' />
  <meta name='ocr-capabilities' content='ocr_page ocr_carea ocr_par ocr_line ocrx_word'/>
</head>
<body>
  <div class='ocr_page' id='page_1' title='image "./platonisgorgias02platgoog_0197.png"; bbox 0 0 3242 5259; ppageno 0'>
   <div class='ocr_carea' id='block_1_1' title="bbox 560 585 1305 652">
    <p class='ocr_par' dir='ltr' id='par_1_1' title="bbox 560 585 1305 652">
     <span class='ocr_line' id='line_1_1' title="bbox 560 585 1305 652; baseline 0.009 -7"><span class='ocrx_word' id='word_1_1' title='bbox 560 585 743 647; x_wconf 77' lang='lat' dir='ltr'><strong>GORGIAS.</strong></span> <span class='ocrx_word' id='word_1_2' title='bbox 765 589 798 646; x_wconf 89' lang='lat' dir='ltr'>P.</span> <span class='ocrx_word' id='word_1_3' title='bbox 823 588 903 648; x_wconf 68' lang='lat'>472:</span> <span class='ocrx_word' id='word_1_4' title='bbox 916 591 961 649; x_wconf 86' lang='lat' dir='ltr'>ed.</span> <span class='ocrx_word' id='word_1_5' title='bbox 985 590 1028 650; x_wconf 80' lang='lat' dir='ltr'>st.</span> <span class='ocrx_word' id='word_1_6' title='bbox 1247 599 1305 652; x_wconf 78' lang='lat'>165</span> 
     </span>
    </p>
   </div>
   <div class='ocr_carea' id='block_1_2' title="bbox 282 741 1366 1618">
    <p class='ocr_par' dir='ltr' id='par_1_2' title="bbox 282 741 1366 1618">
     <span class='ocr_line' id='line_1_2' title="bbox 283 741 1366 838; baseline 0.008 -27"><span class='ocrx_word' id='word_1_7' title='bbox 283 746 380 830; x_wconf 75' lang='grc' dir='ltr'><em>λέγω,</em></span> <span class='ocrx_word' id='word_1_8' title='bbox 401 746 498 812; x_wconf 76' lang='grc' dir='ltr'><strong><em>οὐδὲν</em></strong></span> <span class='ocrx_word' id='word_1_9' title='bbox 518 741 609 830; x_wconf 83' lang='grc' dir='ltr'><strong><em>οἶμαι</em></strong></span> <span class='ocrx_word' id='word_1_10' title='bbox 629 749 719 827; x_wconf 86' lang='grc' dir='ltr'><strong><em>άξιον</em></strong></span> <span class='ocrx_word' id='word_1_11' title='bbox 739 751 840 831; x_wconf 85' lang='grc' dir='ltr'><em>λόγου</em></span> <span class='ocrx_word' id='word_1_12' title='bbox 860 775 914 834; x_wconf 83' lang='grc' dir='ltr'><strong><em>μοι</em></strong></span> <span class='ocrx_word' id='word_1_13' title='bbox 940 755 1143 831; x_wconf 74' lang='grc' dir='ltr'><em>πεπεράνθαι</em></span> <span class='ocrx_word' id='word_1_14' title='bbox 1164 753 1236 838; x_wconf 83' lang='grc' dir='ltr'><strong><em>περὶ</em></strong></span> <span class='ocrx_word' id='word_1_15' title='bbox 1257 743 1304 820; x_wconf 80' lang='grc' dir='ltr'>ὧν</span> <span class='ocrx_word' id='word_1_16' title='bbox 1339 760 1366 831; x_wconf 81' lang='lat'>0</span> 
     </span>
     <span class='ocr_line' id='line_1_3' title="bbox 284 841 1304 934; baseline 0.008 -25"><span class='ocrx_word' id='word_1_17' title='bbox 284 847 328 910; x_wconf 73' lang='grc' dir='ltr'>ἂν</span> <span class='ocrx_word' id='word_1_18' title='bbox 347 846 428 929; x_wconf 78' lang='grc' dir='ltr'><strong><em>ἡμῖν</em></strong></span> <span class='ocrx_word' id='word_1_19' title='bbox 448 845 467 909; x_wconf 83' lang='grc'><strong>6</strong></span> <span class='ocrx_word' id='word_1_20' title='bbox 486 848 582 928; x_wconf 76' lang='grc' dir='ltr'><strong><em>λόγος</em></strong></span> <span class='ocrx_word' id='word_1_21' title='bbox 601 842 640 928; x_wconf 70' lang='grc' dir='ltr'><strong><em>β</em></strong></span> <span class='ocrx_word' id='word_1_22' title='bbox 670 841 760 929; x_wconf 77' lang='grc' dir='ltr'><strong><em>οἶμαι</em></strong></span> <span class='ocrx_word' id='word_1_23' title='bbox 780 847 814 912; x_wconf 82' lang='grc' dir='ltr'>δὲ</span> <span class='ocrx_word' id='word_1_24' title='bbox 835 847 909 912; x_wconf 79' lang='grc' dir='ltr'><em>οὐδὲ</em></span> <span class='ocrx_word' id='word_1_25' title='bbox 929 851 1001 927; x_wconf 80' lang='grc' dir='ltr'><strong><em>σοί,</em></strong></span> <span class='ocrx_word' id='word_1_26' title='bbox 1030 849 1087 914; x_wconf 80' lang='grc' dir='ltr'>ἐὰν</span> <span class='ocrx_word' id='word_1_27' title='bbox 1105 849 1149 934; x_wconf 78' lang='grc' dir='ltr'>μὴ</span> <span class='ocrx_word' id='word_1_28' title='bbox 1170 850 1232 934; x_wconf 78' lang='grc' dir='ltr'>ἐγώ</span> <span class='ocrx_word' id='word_1_29' title='bbox 1252 869 1304 918; x_wconf 80' lang='grc' dir='ltr'><strong><em>σοι</em></strong></span> 
     </span>
     <span class='ocr_line' id='line_1_4' title="bbox 284 936 1303 1027; baseline 0.007 -19"><span class='ocrx_word' id='word_1_30' title='bbox 284 946 442 1027; x_wconf 76' lang='grc' dir='ltr'><strong><em>μαρτυρῶ</em></strong></span> <span class='ocrx_word' id='word_1_31' title='bbox 463 936 507 1019; x_wconf 78' lang='grc' dir='ltr'>εἷς</span> <span class='ocrx_word' id='word_1_32' title='bbox 527 941 574 1008; x_wconf 81' lang='grc' dir='ltr'>ὢν</span> <span class='ocrx_word' id='word_1_33' title='bbox 594 944 713 1026; x_wconf 82' lang='grc' dir='ltr'><em>μόνος,</em></span> <span class='ocrx_word' id='word_1_34' title='bbox 741 944 818 1020; x_wconf 80' lang='grc' dir='ltr'><strong><em>τους</em></strong></span> <span class='ocrx_word' id='word_1_35' title='bbox 839 947 866 1009; x_wconf 82' lang='grc' dir='ltr'>δ’</span> <span class='ocrx_word' id='word_1_36' title='bbox 887 950 1005 1022; x_wconf 79' lang='grc' dir='ltr'><em>ἄλλους</em></span> <span class='ocrx_word' id='word_1_37' title='bbox 1024 950 1147 1024; x_wconf 78' lang='grc' dir='ltr'><strong><em>πάντας</em></strong></span> <span class='ocrx_word' id='word_1_38' title='bbox 1166 951 1303 1026; x_wconf 82' lang='grc' dir='ltr'><em>τούτους</em></span> 
     </span>
     <span class='ocr_line' id='line_1_5' title="bbox 284 1034 1301 1130; baseline 0.009 -27"><span class='ocrx_word' id='word_1_39' title='bbox 284 1043 409 1125; x_wconf 79' lang='grc' dir='ltr'><strong><em>χαίρειν</em></strong></span> <span class='ocrx_word' id='word_1_40' title='bbox 429 1039 493 1123; x_wconf 69' lang='grc' dir='ltr'><strong>ἐᾷς.</strong></span> <span class='ocrx_word' id='word_1_41' title='bbox 543 1037 608 1105; x_wconf 75' lang='grc' dir='ltr'><strong><em>ἔστι</em></strong></span> <span class='ocrx_word' id='word_1_42' title='bbox 637 1040 697 1124; x_wconf 78' lang='grc' dir='ltr'>μὲν</span> <span class='ocrx_word' id='word_1_43' title='bbox 725 1037 786 1107; x_wconf 79' lang='grc' dir='ltr'>οὖν</span> <span class='ocrx_word' id='word_1_44' title='bbox 817 1034 911 1118; x_wconf 83' lang='grc' dir='ltr'><strong><em>οὗτός</em></strong></span> <span class='ocrx_word' id='word_1_45' title='bbox 939 1067 986 1118; x_wconf 92' lang='grc' dir='ltr'>τις</span> <span class='ocrx_word' id='word_1_46' title='bbox 1012 1046 1131 1126; x_wconf 78' lang='grc' dir='ltr'><strong><em>τρόπος</em></strong></span> <span class='ocrx_word' id='word_1_47' title='bbox 1160 1044 1301 1130; x_wconf 79' lang='grc' dir='ltr'><em>ἐλέγχου,</em></span> 
     </span>
     <span class='ocr_line' id='line_1_6' title="bbox 284 1139 1301 1221; baseline 0.005 -17"><span class='ocrx_word' id='word_1_48' title='bbox 284 1141 329 1215; x_wconf 85' lang='grc' dir='ltr'>ὡς</span> <span class='ocrx_word' id='word_1_49' title='bbox 350 1139 392 1203; x_wconf 84' lang='grc' dir='ltr'>σύ</span> <span class='ocrx_word' id='word_1_50' title='bbox 412 1161 446 1202; x_wconf 89' lang='grc' dir='ltr'><strong><em>τε</em></strong></span> <span class='ocrx_word' id='word_1_51' title='bbox 468 1139 527 1203; x_wconf 77' lang='grc' dir='ltr'><strong><em>οἴει</em></strong></span> <span class='ocrx_word' id='word_1_52' title='bbox 547 1139 601 1203; x_wconf 84' lang='grc' dir='ltr'><strong><em>καὶ</em></strong></span> <span class='ocrx_word' id='word_1_53' title='bbox 620 1144 711 1204; x_wconf 91' lang='grc' dir='ltr'><strong><em>άλλοι</em></strong></span> <span class='ocrx_word' id='word_1_54' title='bbox 731 1142 858 1206; x_wconf 86' lang='grc' dir='ltr'><strong><em>πολλοί·</em></strong></span> <span class='ocrx_word' id='word_1_55' title='bbox 889 1139 954 1206; x_wconf 77' lang='grc' dir='ltr'><strong><em>ἔστι</em></strong></span> <span class='ocrx_word' id='word_1_56' title='bbox 981 1142 1015 1207; x_wconf 79' lang='grc' dir='ltr'>δὲ</span> <span class='ocrx_word' id='word_1_57' title='bbox 1042 1143 1096 1208; x_wconf 79' lang='grc' dir='ltr'><strong><em>καὶ</em></strong></span> <span class='ocrx_word' id='word_1_58' title='bbox 1115 1148 1231 1221; x_wconf 78' lang='grc' dir='ltr'><strong><em>άλλος,</em></strong></span> <span class='ocrx_word' id='word_1_59' title='bbox 1261 1147 1301 1210; x_wconf 89' lang='grc' dir='ltr'>ὃν</span> 
     </span>
     <span class='ocr_line' id='line_1_7' title="bbox 282 1232 1299 1324; baseline 0.004 -22"><span class='ocrx_word' id='word_1_60' title='bbox 282 1237 347 1319; x_wconf 80' lang='grc' dir='ltr'>ἐγὼ</span> <span class='ocrx_word' id='word_1_61' title='bbox 383 1233 426 1302; x_wconf 81' lang='grc' dir='ltr'><strong><em>αὖ</em></strong></span> <span class='ocrx_word' id='word_1_62' title='bbox 454 1232 552 1320; x_wconf 78' lang='grc' dir='ltr'><strong><em>οἶμαι.</em></strong></span> <span class='ocrx_word' id='word_1_63' title='bbox 588 1239 830 1319; x_wconf 78' lang='grc' dir='ltr'><strong><em>παραβαλόντες</em></strong></span> <span class='ocrx_word' id='word_1_64' title='bbox 859 1234 919 1304; x_wconf 83' lang='grc' dir='ltr'>οὖν</span> <span class='ocrx_word' id='word_1_65' title='bbox 943 1235 1015 1320; x_wconf 89' lang='grc' dir='ltr'><strong><em>παρ’</em></strong></span> <span class='ocrx_word' id='word_1_66' title='bbox 1045 1243 1203 1324; x_wconf 78' lang='grc' dir='ltr'>ἀλλήλους</span> <span class='ocrx_word' id='word_1_67' title='bbox 1231 1259 1299 1309; x_wconf 84' lang='grc' dir='ltr'><strong><em>σκε-</em></strong></span> 
     </span>
     <span class='ocr_line' id='line_1_8' title="bbox 284 1336 1301 1422; baseline 0.006 -24"><span class='ocrx_word' id='word_1_68' title='bbox 284 1336 889 1423; x_wconf 78' lang='grc' dir='ltr'><strong><em>υώμεθα,είτιδιοισουσιναλληλοιν</em></strong></span> <span class='ocrx_word' id='word_1_69' title='bbox 910 1337 1041 1420; x_wconf 81' lang='grc' dir='ltr'><strong><em>καὶγὰρ</em></strong></span> <span class='ocrx_word' id='word_1_70' title='bbox 1057 1341 1207 1422; x_wconf 78' lang='grc' dir='ltr'>τυγχάνει</span> <span class='ocrx_word' id='word_1_71' title='bbox 1228 1339 1301 1420; x_wconf 81' lang='grc' dir='ltr'><strong><em>περὶ</em></strong></span> 
     </span>
     <span class='ocr_line' id='line_1_9' title="bbox 285 1415 1300 1521; baseline 0.005 -23"><span class='ocrx_word' id='word_1_72' title='bbox 285 1435 333 1498; x_wconf 85' lang='grc' dir='ltr'>ὡν</span> <span class='ocrx_word' id='word_1_73' title='bbox 354 1415 619 1517; x_wconf 82' lang='grc' dir='ltr'><strong><em>άμφιςβητοῦμεν</em></strong></span> <span class='ocrx_word' id='word_1_74' title='bbox 648 1435 688 1497; x_wconf 90' lang='lat'>06</span> <span class='ocrx_word' id='word_1_75' title='bbox 708 1436 796 1498; x_wconf 91' lang='grc' dir='ltr'>πάνυ</span> <span class='ocrx_word' id='word_1_76' title='bbox 817 1436 934 1518; x_wconf 82' lang='grc' dir='ltr'><strong><em>σμικρὰ</em></strong></span> <span class='ocrx_word' id='word_1_77' title='bbox 956 1440 1053 1512; x_wconf 84' lang='grc' dir='ltr'><strong><em>ὄντα</em></strong></span> <span class='ocrx_word' id='word_1_78' title='bbox 1081 1438 1161 1501; x_wconf 80' lang='grc' dir='ltr'><strong><em>άλλὰ</em></strong></span> <span class='ocrx_word' id='word_1_79' title='bbox 1187 1439 1300 1521; x_wconf 78' lang='grc' dir='ltr'><strong><em>σχεδόν</em></strong></span> 
     </span>
     <span class='ocr_line' id='line_1_10' title="bbox 284 1519 1299 1618; baseline 0.004 -22"><span class='ocrx_word' id='word_1_80' title='bbox 284 1556 314 1596; x_wconf 90' lang='grc' dir='ltr'>τι</span> <span class='ocrx_word' id='word_1_81' title='bbox 334 1541 453 1605; x_wconf 82' lang='grc' dir='ltr'><strong><em>ταῦτα,</em></strong></span> <span class='ocrx_word' id='word_1_82' title='bbox 484 1530 556 1613; x_wconf 83' lang='grc' dir='ltr'><strong><em>περὶ</em></strong></span> <span class='ocrx_word' id='word_1_83' title='bbox 577 1519 624 1596; x_wconf 80' lang='grc' dir='ltr'>ὧν</span> <span class='ocrx_word' id='word_1_84' title='bbox 652 1532 769 1597; x_wconf 80' lang='grc' dir='ltr'><strong><em>εἰδέναι</em></strong></span> <span class='ocrx_word' id='word_1_85' title='bbox 796 1555 829 1596; x_wconf 86' lang='grc' dir='ltr'><strong><em>τε</em></strong></span> <span class='ocrx_word' id='word_1_86' title='bbox 850 1535 1036 1612; x_wconf 82' lang='grc' dir='ltr'><strong><em>κάλλιστον,</em></strong></span> <span class='ocrx_word' id='word_1_87' title='bbox 1066 1535 1110 1618; x_wconf 78' lang='grc' dir='ltr'>μὴ</span> <span class='ocrx_word' id='word_1_88' title='bbox 1130 1533 1248 1600; x_wconf 81' lang='grc' dir='ltr'><strong><em>εἰδέναι</em></strong></span> <span class='ocrx_word' id='word_1_89' title='bbox 1266 1558 1299 1600; x_wconf 84' lang='grc' dir='ltr'><strong><em>τε</em></strong></span> 
     </span>
    </p>
   </div>
   <div class='ocr_carea' id='block_1_3' title="bbox 281 1815 1300 2632">
    <p class='ocr_par' dir='ltr' id='par_1_3' title="bbox 282 1815 1299 1953">
     <span class='ocr_line' id='line_1_11' title="bbox 283 1815 1299 1902; baseline 0 -32"><span class='ocrx_word' id='word_1_90' title='bbox 283 1818 315 1870; x_wconf 80' lang='lat' dir='ltr'>sd</span> <span class='ocrx_word' id='word_1_91' title='bbox 333 1820 417 1870; x_wconf 85' lang='lat' dir='ltr'>Moer.</span> <span class='ocrx_word' id='word_1_92' title='bbox 423 1835 465 1902; x_wconf 91' lang='lat' dir='ltr'>p.</span> <span class='ocrx_word' id='word_1_93' title='bbox 483 1815 541 1869; x_wconf 81' lang='lat'><strong>145.</strong></span> <span class='ocrx_word' id='word_1_94' title='bbox 558 1816 668 1881; x_wconf 75' lang='grc' dir='ltr'><strong><em>ἐξίλλειν</em></strong></span> <span class='ocrx_word' id='word_1_95' title='bbox 689 1818 781 1902; x_wconf 90' lang='lat' dir='ltr'>reponi</span> <span class='ocrx_word' id='word_1_96' title='bbox 797 1818 875 1868; x_wconf 89' lang='lat' dir='ltr'>iussit</span> <span class='ocrx_word' id='word_1_97' title='bbox 897 1819 953 1869; x_wconf 91' lang='lat' dir='ltr'>sine</span> <span class='ocrx_word' id='word_1_98' title='bbox 977 1834 1070 1870; x_wconf 82' lang='lat' dir='ltr'>osusss</span> <span class='ocrx_word' id='word_1_99' title='bbox 1092 1819 1194 1871; x_wconf 86' lang='lat' dir='ltr'>idonee.</span> <span class='ocrx_word' id='word_1_100' title='bbox 1236 1823 1299 1872; x_wconf 86' lang='lat' dir='ltr'>Mox</span> 
     </span>
     <span class='ocr_line' id='line_1_12' title="bbox 282 1881 722 1970; baseline -0.007 -33"><span class='ocrx_word' id='word_1_101' title='bbox 282 1904 349 1970; x_wconf 94' lang='lat' dir='ltr'>pro</span> <span class='ocrx_word' id='word_1_102' title='bbox 348 1886 378 1936; x_wconf 82' lang='grc' dir='ltr'>οὲ</span> <span class='ocrx_word' id='word_1_103' title='bbox 397 1881 479 1936; x_wconf 81' lang='grc' dir='ltr'><strong><em>αὐτὸν</em></strong></span> <span class='ocrx_word' id='word_1_104' title='bbox 496 1885 584 1936; x_wconf 77' lang='lat' dir='ltr'>clark.</span> <span class='ocrx_word' id='word_1_105' title='bbox 603 1883 722 1936; x_wconf 83' lang='grc' dir='ltr'><strong><em>σεαυτόν.</em></strong></span> 
     </span>
    </p>

    <p class='ocr_par' dir='ltr' id='par_1_4' title="bbox 283 1950 1299 2157">
     <span class='ocr_line' id='line_1_13' title="bbox 333 1950 1299 2020; baseline 0.003 -16.07"><span class='ocrx_word' id='word_1_106' title='bbox 333 1951 427 2018; x_wconf 79' lang='grc' dir='ltr'><strong><em>ἄξιον</em></strong></span> <span class='ocrx_word' id='word_1_107' title='bbox 446 1950 544 2017; x_wconf 79' lang='grc' dir='ltr'><em>λόγου</em></span> <span class='ocrx_word' id='word_1_108' title='bbox 562 1952 625 2020; x_wconf 87' lang='grc' dir='ltr'><strong><em>μοι]</em></strong></span> <span class='ocrx_word' id='word_1_109' title='bbox 649 1970 692 2015; x_wconf 88' lang='grc' dir='ltr'><strong><em>μοι</em></strong></span> <span class='ocrx_word' id='word_1_110' title='bbox 709 1952 807 2004; x_wconf 77' lang='lat' dir='ltr'>addunt</span> <span class='ocrx_word' id='word_1_111' title='bbox 829 1954 961 2003; x_wconf 82' lang='lat' dir='ltr'>verissime</span> <span class='ocrx_word' id='word_1_112' title='bbox 980 1954 1059 2005; x_wconf 86' lang='lat' dir='ltr'>Goisl.</span> <span class='ocrx_word' id='word_1_113' title='bbox 1077 1956 1137 2005; x_wconf 82' lang='lat' dir='ltr'>Vet.</span> <span class='ocrx_word' id='word_1_114' title='bbox 1154 1957 1220 2006; x_wconf 91' lang='lat' dir='ltr'>Ven.</span> <span class='ocrx_word' id='word_1_115' title='bbox 1239 1957 1299 2007; x_wconf 79' lang='grc' dir='ltr'>ΞΣ.</span> 
     </span>
     <span class='ocr_line' id='line_1_14' title="bbox 283 2019 1300 2088; baseline 0.002 -16"><span class='ocrx_word' id='word_1_116' title='bbox 283 2023 360 2072; x_wconf 84' lang='lat' dir='ltr'>Vind.</span> <span class='ocrx_word' id='word_1_117' title='bbox 380 2021 404 2072; x_wconf 93' lang='lat'>1.</span> <span class='ocrx_word' id='word_1_118' title='bbox 422 2020 446 2073; x_wconf 83' lang='lat'>2.</span> <span class='ocrx_word' id='word_1_119' title='bbox 464 2021 488 2073; x_wconf 88' lang='grc'><strong>6.</strong></span> <span class='ocrx_word' id='word_1_120' title='bbox 507 2019 530 2073; x_wconf 78' lang='grc'>7.</span> <span class='ocrx_word' id='word_1_121' title='bbox 548 2023 606 2072; x_wconf 83' lang='lat' dir='ltr'>Per.</span> <span class='ocrx_word' id='word_1_122' title='bbox 624 2022 716 2072; x_wconf 89' lang='lat' dir='ltr'>IVW.</span> <span class='ocrx_word' id='word_1_123' title='bbox 743 2021 814 2072; x_wconf 81' lang='lat' dir='ltr'>Flor.</span> <span class='ocrx_word' id='word_1_124' title='bbox 830 2021 856 2070; x_wconf 83' lang='lat' dir='ltr'>d.</span> <span class='ocrx_word' id='word_1_125' title='bbox 873 2038 899 2071; x_wconf 85' lang='lat' dir='ltr'>x.</span> <span class='ocrx_word' id='word_1_126' title='bbox 923 2023 990 2088; x_wconf 82' lang='lat' dir='ltr'><strong>Aug.</strong></span> <span class='ocrx_word' id='word_1_127' title='bbox 1014 2023 1087 2073; x_wconf 88' lang='lat' dir='ltr'>Bodl.</span> <span class='ocrx_word' id='word_1_128' title='bbox 1111 2025 1217 2074; x_wconf 89' lang='lat' dir='ltr'>Meerm.</span> <span class='ocrx_word' id='word_1_129' title='bbox 1239 2027 1300 2074; x_wconf 88' lang='lat' dir='ltr'>Hir·</span> 
     </span>
     <span class='ocr_line' id='line_1_15' title="bbox 283 2082 855 2157; baseline -0.004 -17"><span class='ocrx_word' id='word_1_130' title='bbox 283 2084 384 2157; x_wconf 82' lang='lat' dir='ltr'>s&#39;ohig.</span> <span class='ocrx_word' id='word_1_131' title='bbox 382 2089 454 2139; x_wconf 83' lang='lat' dir='ltr'><strong>dedit</strong></span> <span class='ocrx_word' id='word_1_132' title='bbox 471 2089 502 2140; x_wconf 84' lang='lat' dir='ltr'>de</span> <span class='ocrx_word' id='word_1_133' title='bbox 520 2091 586 2140; x_wconf 89' lang='lat' dir='ltr'>ooni.</span> <span class='ocrx_word' id='word_1_134' title='bbox 605 2085 688 2140; x_wconf 80' lang='grc' dir='ltr'><strong><em>οὐδὲν</em></strong></span> <span class='ocrx_word' id='word_1_135' title='bbox 705 2085 758 2156; x_wconf 78' lang='grc' dir='ltr'>[ἄν]</span> <span class='ocrx_word' id='word_1_136' title='bbox 777 2082 855 2150; x_wconf 88' lang='grc' dir='ltr'><strong><em>οἶμαι.</em></strong></span> 
     </span>
    </p>

    <p class='ocr_par' dir='ltr' id='par_1_5' title="bbox 281 2151 1299 2277">
     <span class='ocr_line' id='line_1_16' title="bbox 333 2151 1299 2223; baseline 0 -14"><span class='ocrx_word' id='word_1_137' title='bbox 333 2159 362 2209; x_wconf 84' lang='grc' dir='ltr'>Ο.</span> <span class='ocrx_word' id='word_1_138' title='bbox 388 2151 480 2218; x_wconf 87' lang='grc' dir='ltr'><strong><em>οἶμαι</em></strong></span> <span class='ocrx_word' id='word_1_139' title='bbox 506 2155 542 2207; x_wconf 79' lang='grc' dir='ltr'>δὲ</span> <span class='ocrx_word' id='word_1_140' title='bbox 564 2152 643 2208; x_wconf 82' lang='grc' dir='ltr'><strong><em>ον’δὲ</em></strong></span> <span class='ocrx_word' id='word_1_141' title='bbox 668 2156 730 2223; x_wconf 86' lang='grc' dir='ltr'><strong><em>σοι]</em></strong></span> <span class='ocrx_word' id='word_1_142' title='bbox 755 2159 787 2207; x_wconf 89' lang='lat' dir='ltr'>V.</span> <span class='ocrx_word' id='word_1_143' title='bbox 814 2155 860 2215; x_wconf 82' lang='grc' dir='ltr'>ον’,</span> <span class='ocrx_word' id='word_1_144' title='bbox 887 2156 956 2222; x_wconf 87' lang='lat' dir='ltr'>quod</span> <span class='ocrx_word' id='word_1_145' title='bbox 979 2157 1141 2208; x_wconf 74' lang='lat' dir='ltr'>emendatum</span> <span class='ocrx_word' id='word_1_146' title='bbox 1159 2175 1193 2208; x_wconf 86' lang='lat' dir='ltr'>ex</span> <span class='ocrx_word' id='word_1_147' title='bbox 1210 2158 1299 2209; x_wconf 81' lang='lat' dir='ltr'><strong>Clark.</strong></span> 
     </span>
     <span class='ocr_line' id='line_1_17' title="bbox 281 2223 801 2277; baseline 0 -1"><span class='ocrx_word' id='word_1_148' title='bbox 281 2227 338 2277; x_wconf 82' lang='lat' dir='ltr'>Vot.</span> <span class='ocrx_word' id='word_1_149' title='bbox 357 2225 435 2275; x_wconf 87' lang='lat' dir='ltr'>Vind.</span> <span class='ocrx_word' id='word_1_150' title='bbox 455 2223 478 2274; x_wconf 92' lang='lat'>1.</span> <span class='ocrx_word' id='word_1_151' title='bbox 496 2223 520 2277; x_wconf 89' lang='lat'>6.</span> <span class='ocrx_word' id='word_1_152' title='bbox 536 2226 596 2276; x_wconf 80' lang='lat' dir='ltr'>Per.</span> <span class='ocrx_word' id='word_1_153' title='bbox 614 2225 801 2276; x_wconf 81' lang='lat' dir='ltr'><strong>BGEFIW.</strong></span> 
     </span>
    </p>

    <p class='ocr_par' dir='ltr' id='par_1_6' title="bbox 283 2284 1298 2493">
     <span class='ocr_line' id='line_1_18' title="bbox 333 2284 1298 2360; baseline -0.001 -16"><span class='ocrx_word' id='word_1_154' title='bbox 333 2290 584 2359; x_wconf 75' lang='grc' dir='ltr'><strong><em>παραβαλόντες</em></strong></span> <span class='ocrx_word' id='word_1_155' title='bbox 613 2284 684 2360; x_wconf 79' lang='grc' dir='ltr'><strong><em>οὖν]</em></strong></span> <span class='ocrx_word' id='word_1_156' title='bbox 714 2295 745 2343; x_wconf 90' lang='lat' dir='ltr'>V</span> <span class='ocrx_word' id='word_1_157' title='bbox 771 2290 990 2358; x_wconf 78' lang='grc' dir='ltr'>παραβάλλοντες.</span> <span class='ocrx_word' id='word_1_158' title='bbox 1017 2292 1105 2343; x_wconf 77' lang='lat' dir='ltr'>Clark.</span> <span class='ocrx_word' id='word_1_159' title='bbox 1128 2293 1187 2343; x_wconf 84' lang='lat' dir='ltr'>Vat</span> <span class='ocrx_word' id='word_1_160' title='bbox 1219 2292 1298 2343; x_wconf 85' lang='lat' dir='ltr'>Goisl.</span> 
     </span>
     <span class='ocr_line' id='line_1_19' title="bbox 283 2358 1300 2426; baseline 0.002 -14"><span class='ocrx_word' id='word_1_161' title='bbox 283 2364 347 2412; x_wconf 91' lang='lat' dir='ltr'>Ven.</span> <span class='ocrx_word' id='word_1_162' title='bbox 368 2362 400 2413; x_wconf 93' lang='grc' dir='ltr'><strong>Σ.</strong></span> <span class='ocrx_word' id='word_1_163' title='bbox 418 2359 496 2410; x_wconf 89' lang='lat' dir='ltr'>Vind.</span> <span class='ocrx_word' id='word_1_164' title='bbox 513 2358 538 2410; x_wconf 89' lang='grc'>2.</span> <span class='ocrx_word' id='word_1_165' title='bbox 556 2359 579 2413; x_wconf 91' lang='grc'>6.</span> <span class='ocrx_word' id='word_1_166' title='bbox 598 2362 655 2411; x_wconf 85' lang='lat' dir='ltr'>Por</span> <span class='ocrx_word' id='word_1_167' title='bbox 674 2360 801 2411; x_wconf 77' lang='lat' dir='ltr'>BCFW.</span> <span class='ocrx_word' id='word_1_168' title='bbox 824 2366 921 2426; x_wconf 85' lang='lat' dir='ltr'>septem</span> <span class='ocrx_word' id='word_1_169' title='bbox 939 2360 1021 2411; x_wconf 86' lang='lat' dir='ltr'>Florr.</span> <span class='ocrx_word' id='word_1_170' title='bbox 1044 2361 1077 2411; x_wconf 80' lang='lat' dir='ltr'>al.</span> <span class='ocrx_word' id='word_1_171' title='bbox 1096 2360 1300 2425; x_wconf 77' lang='grc' dir='ltr'><strong><em>παραλαβόντες.</em></strong></span> 
     </span>
     <span class='ocr_line' id='line_1_20' title="bbox 285 2427 1239 2493; baseline 0 -12"><span class='ocrx_word' id='word_1_172' title='bbox 285 2431 353 2481; x_wconf 86' lang='lat' dir='ltr'>Flor.</span> <span class='ocrx_word' id='word_1_173' title='bbox 372 2430 390 2478; x_wconf 89' lang='lat' dir='ltr'>f.</span> <span class='ocrx_word' id='word_1_174' title='bbox 409 2445 429 2479; x_wconf 88' lang='lat' dir='ltr'>s.</span> <span class='ocrx_word' id='word_1_175' title='bbox 447 2427 523 2478; x_wconf 89' lang='lat' dir='ltr'>Vind.</span> <span class='ocrx_word' id='word_1_176' title='bbox 543 2428 566 2479; x_wconf 93' lang='lat'>1.</span> <span class='ocrx_word' id='word_1_177' title='bbox 584 2430 690 2483; x_wconf 58' lang='lat' dir='ltr'>Vsu...</span> <span class='ocrx_word' id='word_1_178' title='bbox 674 2428 699 2477; x_wconf 72' lang='grc'><strong>’“““.</strong></span> <span class='ocrx_word' id='word_1_179' title='bbox 717 2431 776 2480; x_wconf 83' lang='lat' dir='ltr'>Per</span> <span class='ocrx_word' id='word_1_180' title='bbox 794 2430 815 2478; x_wconf 93' lang='lat' dir='ltr'>I.</span> <span class='ocrx_word' id='word_1_181' title='bbox 833 2436 859 2479; x_wconf 89' lang='lat' dir='ltr'>et</span> <span class='ocrx_word' id='word_1_182' title='bbox 875 2446 939 2479; x_wconf 89' lang='lat' dir='ltr'>corr</span> <span class='ocrx_word' id='word_1_183' title='bbox 956 2429 1016 2478; x_wconf 86' lang='lat' dir='ltr'>EV.</span> <span class='ocrx_word' id='word_1_184' title='bbox 1034 2427 1239 2493; x_wconf 67' lang='grc' dir='ltr'><strong><em>παραβαλόντες.</em></strong></span> 
     </span>
    </p>

    <p class='ocr_par' dir='ltr' id='par_1_7' title="bbox 283 2494 1300 2632">
     <span class='ocr_line' id='line_1_21' title="bbox 334 2494 1300 2564; baseline -0.001 -17"><span class='ocrx_word' id='word_1_185' title='bbox 334 2499 389 2547; x_wconf 82' lang='grc' dir='ltr'><strong><em>καὶ</em></strong></span> <span class='ocrx_word' id='word_1_186' title='bbox 408 2494 468 2562; x_wconf 79' lang='grc' dir='ltr'><strong><em>γὰρ</em></strong></span> <span class='ocrx_word' id='word_1_187' title='bbox 488 2494 648 2563; x_wconf 79' lang='grc' dir='ltr'><strong><em>τυγχάνει]</em></strong></span> <span class='ocrx_word' id='word_1_188' title='bbox 667 2494 778 2564; x_wconf 79' lang='grc' dir='ltr'><strong><em>καὶγὰρ</em></strong></span> <span class='ocrx_word' id='word_1_189' title='bbox 797 2497 878 2546; x_wconf 80' lang='lat' dir='ltr'>nair.</span> <span class='ocrx_word' id='word_1_190' title='bbox 901 2497 967 2546; x_wconf 88' lang='lat' dir='ltr'>Ven.</span> <span class='ocrx_word' id='word_1_191' title='bbox 987 2497 1046 2548; x_wconf 82' lang='grc' dir='ltr'>ΞΣ</span> <span class='ocrx_word' id='word_1_192' title='bbox 1064 2496 1134 2547; x_wconf 85' lang='lat' dir='ltr'>Flor.</span> <span class='ocrx_word' id='word_1_193' title='bbox 1151 2514 1177 2546; x_wconf 87' lang='lat' dir='ltr'>x.</span> <span class='ocrx_word' id='word_1_194' title='bbox 1193 2497 1300 2546; x_wconf 87' lang='lat' dir='ltr'>Meerm.</span> 
     </span>
     <span class='ocr_line' id='line_1_22' title="bbox 283 2563 678 2632; baseline 0 -16"><span class='ocrx_word' id='word_1_195' title='bbox 283 2566 356 2617; x_wconf 89' lang='lat' dir='ltr'>Bodl.</span> <span class='ocrx_word' id='word_1_196' title='bbox 375 2563 503 2632; x_wconf 80' lang='lat' dir='ltr'>probante</span> <span class='ocrx_word' id='word_1_197' title='bbox 520 2564 678 2616; x_wconf 81' lang='lat' dir='ltr'>Heindorfio.</span> 
     </span>
    </p>
   </div>
   <div class='ocr_carea' id='block_1_4' title="bbox 281 2833 1301 3070">
    <p class='ocr_par' dir='ltr' id='par_1_8' title="bbox 281 2833 1301 3070">
     <span class='ocr_line' id='line_1_23' title="bbox 282 2833 1299 2901; baseline -0.001 -14"><span class='ocrx_word' id='word_1_198' title='bbox 282 2835 442 2888; x_wconf 80' lang='lat' dir='ltr'>celebratum</span> <span class='ocrx_word' id='word_1_199' title='bbox 466 2840 513 2885; x_wconf 84' lang='lat' dir='ltr'>ost.</span> <span class='ocrx_word' id='word_1_200' title='bbox 539 2851 564 2884; x_wconf 87' lang='lat' dir='ltr'>v.</span> <span class='ocrx_word' id='word_1_201' title='bbox 583 2833 616 2884; x_wconf 82' lang='lat' dir='ltr'>ed</span> <span class='ocrx_word' id='word_1_202' title='bbox 631 2833 765 2885; x_wconf 76' lang='lat' dir='ltr'>Phaedon.</span> <span class='ocrx_word' id='word_1_203' title='bbox 816 2835 994 2899; x_wconf 87' lang='lat' dir='ltr'>superioribus</span> <span class='ocrx_word' id='word_1_204' title='bbox 1009 2835 1040 2885; x_wconf 86' lang='lat' dir='ltr'>do</span> <span class='ocrx_word' id='word_1_205' title='bbox 1050 2837 1168 2901; x_wconf 77' lang='lat' dir='ltr'>tyrannis</span> <span class='ocrx_word' id='word_1_206' title='bbox 1183 2837 1252 2887; x_wconf 84' lang='lat' dir='ltr'>cives</span> <span class='ocrx_word' id='word_1_207' title='bbox 1267 2853 1299 2886; x_wconf 88' lang='lat' dir='ltr'>ex</span> 
     </span>
     <span class='ocr_line' id='line_1_24' title="bbox 281 2901 1299 2970; baseline -0.001 -14"><span class='ocrx_word' id='word_1_208' title='bbox 281 2921 304 2970; x_wconf 95' lang='lat' dir='ltr'>p.</span> <span class='ocrx_word' id='word_1_209' title='bbox 323 2903 366 2956; x_wconf 89' lang='grc'>69.</span> <span class='ocrx_word' id='word_1_210' title='bbox 385 2904 414 2954; x_wconf 84' lang='grc' dir='ltr'>Ο</span> <span class='ocrx_word' id='word_1_211' title='bbox 815 2901 925 2953; x_wconf 85' lang='lat' dir='ltr'>urbibus</span> <span class='ocrx_word' id='word_1_212' title='bbox 942 2903 1132 2969; x_wconf 79' lang='lat' dir='ltr'>expellentibus</span> <span class='ocrx_word' id='word_1_213' title='bbox 1147 2907 1299 2969; x_wconf 74' lang='lat' dir='ltr'>usurpatum</span> 
     </span>
     <span class='ocr_line' id='line_1_25' title="bbox 310 2969 1301 3070; baseline 0 -49"><span class='ocrx_word' id='word_1_214' title='bbox 310 3007 340 3055; x_wconf 79' lang='grc' dir='ltr'><strong>Β</strong></span> <span class='ocrx_word' id='word_1_215' title='bbox 367 3003 406 3056; x_wconf 64' lang='grc' dir='ltr'>σὺ</span> <span class='ocrx_word' id='word_1_216' title='bbox 425 2999 636 3070; x_wconf 48' lang='grc' dir='ltr'>ἄναγκαζεις]</span> <span class='ocrx_word' id='word_1_217' title='bbox 663 3003 765 3054; x_wconf 41' lang='lat' dir='ltr'><strong>schol„</strong></span> <span class='ocrx_word' id='word_1_218' title='bbox 816 2976 862 3024; x_wconf 86' lang='lat' dir='ltr'>est.</span> <span class='ocrx_word' id='word_1_219' title='bbox 891 2972 955 3021; x_wconf 88' lang='lat' dir='ltr'>Mox</span> <span class='ocrx_word' id='word_1_220' title='bbox 973 2971 1153 3036; x_wconf 84' lang='lat' dir='ltr'>quoddioitur</span> <span class='ocrx_word' id='word_1_221' title='bbox 1172 2969 1301 3023; x_wconf 83' lang='grc' dir='ltr'><strong><em>αὲαῦιὸν</em></strong></span> 
     </span>
    </p>
   </div>
   <div class='ocr_carea' id='block_1_5' title="bbox 280 3036 1300 3206">
    <p class='ocr_par' dir='ltr' id='par_1_9' title="bbox 280 3036 1300 3206">
     <span class='ocr_line' id='line_1_26' title="bbox 280 3036 1300 3127; baseline -0.025 -3"><span class='ocrx_word' id='word_1_222' title='bbox 280 3068 533 3127; x_wconf 75' lang='grc' dir='ltr'><strong><em>ιαῑιάποδεικτικαῑο</em></strong></span> <span class='ocrx_word' id='word_1_223' title='bbox 544 3073 644 3123; x_wconf 83' lang='grc' dir='ltr'><strong><em>πίστεσι</em></strong></span> <span class='ocrx_word' id='word_1_224' title='bbox 655 3073 764 3125; x_wconf 78' lang='grc' dir='ltr'><strong><em>πείθεις.</em></strong></span> <span class='ocrx_word' id='word_1_225' title='bbox 816 3036 936 3103; x_wconf 56' lang='grc' dir='ltr'><em>μάρῑυρα</em></span> <span class='ocrx_word' id='word_1_226' title='bbox 954 3038 1077 3105; x_wconf 64' lang='grc' dir='ltr'><em>παράσλυ</em></span> <span class='ocrx_word' id='word_1_227' title='bbox 1100 3055 1183 3105; x_wconf 57' lang='lat' dir='ltr'>neque</span> <span class='ocrx_word' id='word_1_228' title='bbox 1203 3036 1300 3122; x_wconf 63' lang='lat' dir='ltr'>‘’aiftflv</span> 
     </span>
     <span class='ocr_line' id='line_1_27' title="bbox 282 3108 1299 3206; baseline -0.024 -14"><span class='ocrx_word' id='word_1_229' title='bbox 282 3143 423 3206; x_wconf 82' lang='lat' dir='ltr'>Comparot</span> <span class='ocrx_word' id='word_1_230' title='bbox 454 3138 624 3190; x_wconf 85' lang='lat' dir='ltr'>Heindorf.</span> <span class='ocrx_word' id='word_1_231' title='bbox 656 3140 764 3189; x_wconf 74' lang='lat' dir='ltr'>Thesei.</span> <span class='ocrx_word' id='word_1_232' title='bbox 816 3108 941 3172; x_wconf 61' lang='lat' dir='ltr'><strong>mptum</strong></span> <span class='ocrx_word' id='word_1_233' title='bbox 958 3114 1011 3170; x_wconf 52' lang='grc' dir='ltr'>θεῖν</span> <span class='ocrx_word' id='word_1_234' title='bbox 1035 3114 1140 3174; x_wconf 64' lang='lat' dir='ltr'>P1012t⁰r</span> <span class='ocrx_word' id='word_1_235' title='bbox 1161 3115 1299 3174; x_wconf 80' lang='lat' dir='ltr'>opposrno·</span> 
     </span>
    </p>
   </div>
   <div class='ocr_carea' id='block_1_6' title="bbox 279 3176 1300 3474">
    <p class='ocr_par' dir='ltr' id='par_1_10' title="bbox 279 3176 1300 3464">
     <span class='ocr_line' id='line_1_28' title="bbox 279 3176 1300 3292; baseline -0.017 -31"><span class='ocrx_word' id='word_1_236' title='bbox 279 3227 302 3275; x_wconf 76' lang='lat' dir='ltr'>p</span> <span class='ocrx_word' id='word_1_237' title='bbox 323 3206 382 3260; x_wconf 75' lang='grc' dir='ltr'><strong><em>ιον.</em></strong></span> <span class='ocrx_word' id='word_1_238' title='bbox 399 3209 430 3258; x_wconf 88' lang='lat' dir='ltr'>n</span> <span class='ocrx_word' id='word_1_239' title='bbox 448 3205 765 3261; x_wconf 59' lang='lat' dir='ltr'>saresberiense</span> <span class='ocrx_word' id='word_1_240' title='bbox 816 3176 936 3292; x_wconf 51' lang='lat' dir='ltr'><strong>‘¹¹⁸6ss</strong></span> <span class='ocrx_word' id='word_1_241' title='bbox 954 3191 994 3292; x_wconf 74' lang='lat'>6⁰</span> <span class='ocrx_word' id='word_1_242' title='bbox 1016 3178 1104 3256; x_wconf 58' lang='lat' dir='ltr'>P0i¹¹ii</span> <span class='ocrx_word' id='word_1_243' title='bbox 1131 3176 1235 3240; x_wconf 64' lang='lat' dir='ltr'>quidem</span> <span class='ocrx_word' id='word_1_244' title='bbox 1263 3178 1300 3227; x_wconf 69' lang='lat' dir='ltr'>es</span> 
     </span>
     <span class='ocr_line' id='line_1_29' title="bbox 280 3244 1300 3364; baseline -0.019 -36"><span class='ocrx_word' id='word_1_245' title='bbox 280 3279 399 3361; x_wconf 80' lang='lat' dir='ltr'>Sympos.</span> <span class='ocrx_word' id='word_1_246' title='bbox 417 3273 474 3326; x_wconf 87' lang='grc'><strong>223.</strong></span> <span class='ocrx_word' id='word_1_247' title='bbox 487 3277 529 3338; x_wconf 91' lang='lat' dir='ltr'>D.,</span> <span class='ocrx_word' id='word_1_248' title='bbox 547 3272 593 3324; x_wconf 93' lang='lat' dir='ltr'>ubi</span> <span class='ocrx_word' id='word_1_249' title='bbox 610 3291 634 3324; x_wconf 85' lang='lat' dir='ltr'>v.</span> <span class='ocrx_word' id='word_1_250' title='bbox 648 3281 763 3327; x_wconf 75' lang='lat' dir='ltr'>annotat</span> <span class='ocrx_word' id='word_1_251' title='bbox 816 3258 953 3361; x_wconf 48' lang='grc' dir='ltr'>εῗιὶθεοζ</span> <span class='ocrx_word' id='word_1_252' title='bbox 971 3244 1300 3364; x_wconf 47' lang='lat' dir='ltr'>fnggozmffibffissht</span> 
     </span>
     <span class='ocr_line' id='line_1_30' title="bbox 280 3327 1288 3409; baseline -0.016 -13"><span class='ocrx_word' id='word_1_253' title='bbox 280 3341 473 3409; x_wconf 81' lang='grc' dir='ltr'><strong><em>Ηίοοάιάγκαι</em></strong></span> <span class='ocrx_word' id='word_1_254' title='bbox 491 3339 765 3409; x_wconf 77' lang='grc' dir='ltr'><strong><em>βηιόροινίΠτοιιρυᾶ</em></strong></span> <span class='ocrx_word' id='word_1_255' title='bbox 816 3327 832 3360; x_wconf 69' lang='lat'>⁸</span> <span class='ocrx_word' id='word_1_256' title='bbox 932 3327 970 3391; x_wconf 71' lang='lat' dir='ltr'>,y</span> <span class='ocrx_word' id='word_1_257' title='bbox 1084 3328 1100 3376; x_wconf 85' lang='lat' dir='ltr'>P</span> <span class='ocrx_word' id='word_1_258' title='bbox 1274 3329 1288 3363; x_wconf 79' lang='grc' dir='ltr'>θ</span> 
     </span>
     <span class='ocr_line' id='line_1_31' title="bbox 279 3411 764 3474; baseline -0.004 -10"><span class='ocrx_word' id='word_1_259' title='bbox 279 3415 479 3464; x_wconf 81' lang='lat' dir='ltr'>Ansereont.</span> <span class='ocrx_word' id='word_1_260' title='bbox 497 3411 583 3462; x_wconf 80' lang='lat' dir='ltr'>Germ.</span> <span class='ocrx_word' id='word_1_261' title='bbox 599 3411 721 3474; x_wconf 87' lang='lat' dir='ltr'>XXXVI,</span> <span class='ocrx_word' id='word_1_262' title='bbox 740 3411 764 3462; x_wconf 89' lang='grc'>2.</span> 
     </span>
    </p>
   </div>
   <div class='ocr_carea' id='block_1_7' title="bbox 277 3484 1300 4464">
    <p class='ocr_par' dir='ltr' id='par_1_11' title="bbox 277 3484 1300 4464">
     <span class='ocr_line' id='line_1_32' title="bbox 313 3484 1298 3596; baseline 0.002 -33"><span class='ocrx_word' id='word_1_263' title='bbox 313 3509 492 3596; x_wconf 76' lang='grc' dir='ltr'><strong><em>ἐκβάλλειν</em></strong></span> <span class='ocrx_word' id='word_1_264' title='bbox 514 3529 553 3575; x_wconf 81' lang='grc' dir='ltr'>με</span> <span class='ocrx_word' id='word_1_265' title='bbox 575 3511 610 3562; x_wconf 74' lang='grc' dir='ltr'>ἐκ</span> <span class='ocrx_word' id='word_1_266' title='bbox 634 3517 689 3578; x_wconf 72' lang='grc' dir='ltr'><strong><em>τῆς</em></strong></span> <span class='ocrx_word' id='word_1_267' title='bbox 713 3508 764 3561; x_wconf 86' lang='lat'>06-</span> <span class='ocrx_word' id='word_1_268' title='bbox 818 3513 848 3564; x_wconf 79' lang='grc' dir='ltr'>οὲ</span> <span class='ocrx_word' id='word_1_269' title='bbox 875 3484 957 3565; x_wconf 79' lang='grc' dir='ltr'><strong><em>αάιάν</em></strong></span> <span class='ocrx_word' id='word_1_270' title='bbox 982 3515 1051 3565; x_wconf 85' lang='lat' dir='ltr'>idern</span> <span class='ocrx_word' id='word_1_271' title='bbox 1082 3520 1187 3594; x_wconf 85' lang='lat' dir='ltr'>putent</span> <span class='ocrx_word' id='word_1_272' title='bbox 1202 3514 1298 3576; x_wconf 84' lang='lat' dir='ltr'>valere,</span> 
     </span>
     <span class='ocr_line' id='line_1_33' title="bbox 281 3576 1298 3665; baseline 0 -33"><span class='ocrx_word' id='word_1_273' title='bbox 281 3585 401 3634; x_wconf 79' lang='lat' dir='ltr'>olasn.</span> <span class='ocrx_word' id='word_1_274' title='bbox 426 3599 445 3630; x_wconf 86' lang='grc' dir='ltr'>τ.</span> <span class='ocrx_word' id='word_1_275' title='bbox 470 3576 551 3665; x_wconf 80' lang='grc' dir='ltr'>άλ]</span> <span class='ocrx_word' id='word_1_276' title='bbox 558 3579 668 3630; x_wconf 85' lang='lat' dir='ltr'>Ludit</span> <span class='ocrx_word' id='word_1_277' title='bbox 660 3596 688 3629; x_wconf 91' lang='lat' dir='ltr'>1n</span> <span class='ocrx_word' id='word_1_278' title='bbox 712 3596 765 3630; x_wconf 86' lang='lat' dir='ltr'>om·</span> <span class='ocrx_word' id='word_1_279' title='bbox 817 3581 885 3646; x_wconf 88' lang='lat' dir='ltr'>quod</span> <span class='ocrx_word' id='word_1_280' title='bbox 909 3581 1023 3644; x_wconf 75' lang='grc' dir='ltr'><strong><em>ἐμαυτόν</em></strong></span> <span class='ocrx_word' id='word_1_281' title='bbox 1046 3590 1072 3634; x_wconf 91' lang='lat' dir='ltr'>et</span> <span class='ocrx_word' id='word_1_282' title='bbox 1095 3579 1213 3632; x_wconf 80' lang='grc' dir='ltr'><strong><em>σεαυτόν.</em></strong></span> <span class='ocrx_word' id='word_1_283' title='bbox 1248 3584 1298 3632; x_wconf 90' lang='lat' dir='ltr'>Ve-</span> 
     </span>
     <span class='ocr_line' id='line_1_34' title="bbox 280 3644 1297 3716; baseline 0 -16"><span class='ocrx_word' id='word_1_284' title='bbox 280 3644 627 3716; x_wconf 78' lang='lat' dir='ltr'>biguitstevooiso6ocas,</span> <span class='ocrx_word' id='word_1_285' title='bbox 652 3652 766 3713; x_wconf 79' lang='lat' dir='ltr'>quaest</span> <span class='ocrx_word' id='word_1_286' title='bbox 816 3651 885 3700; x_wconf 81' lang='lat' dir='ltr'>tiore</span> <span class='ocrx_word' id='word_1_287' title='bbox 919 3651 1006 3701; x_wconf 82' lang='lat' dir='ltr'>docuit</span> <span class='ocrx_word' id='word_1_288' title='bbox 1039 3651 1211 3702; x_wconf 72' lang='lat' dir='ltr'>Matthiae.</span> <span class='ocrx_word' id='word_1_289' title='bbox 1253 3651 1297 3701; x_wconf 83' lang='lat' dir='ltr'>Gr</span> 
     </span>
     <span class='ocr_line' id='line_1_35' title="bbox 281 3715 1219 3782; baseline -0.001 -14"><span class='ocrx_word' id='word_1_290' title='bbox 281 3717 312 3768; x_wconf 85' lang='lat' dir='ltr'>de</span> <span class='ocrx_word' id='word_1_291' title='bbox 330 3717 408 3768; x_wconf 88' lang='lat' dir='ltr'>bonis</span> <span class='ocrx_word' id='word_1_292' title='bbox 425 3731 457 3767; x_wconf 84' lang='lat' dir='ltr'>eo</span> <span class='ocrx_word' id='word_1_293' title='bbox 473 3715 644 3766; x_wconf 77' lang='lat' dir='ltr'>facultatibus</span> <span class='ocrx_word' id='word_1_294' title='bbox 661 3715 764 3776; x_wconf 83' lang='lat' dir='ltr'>dieitur,</span> <span class='ocrx_word' id='word_1_295' title='bbox 816 3717 893 3782; x_wconf 72' lang='lat' dir='ltr'>ampl.</span> <span class='ocrx_word' id='word_1_296' title='bbox 912 3719 944 3768; x_wconf 87' lang='grc' dir='ltr'>Τ.</span> <span class='ocrx_word' id='word_1_297' title='bbox 961 3718 982 3768; x_wconf 95' lang='lat' dir='ltr'>I.</span> <span class='ocrx_word' id='word_1_298' title='bbox 1000 3721 1024 3781; x_wconf 65' lang='grc' dir='ltr'>ς.</span> <span class='ocrx_word' id='word_1_299' title='bbox 1042 3717 1099 3771; x_wconf 87' lang='grc'><strong>148.</strong></span> <span class='ocrx_word' id='word_1_300' title='bbox 1117 3735 1178 3769; x_wconf 78' lang='lat' dir='ltr'>ann.</span> <span class='ocrx_word' id='word_1_301' title='bbox 1196 3717 1219 3770; x_wconf 89' lang='grc'>2.</span> 
     </span>
     <span class='ocr_line' id='line_1_36' title="bbox 279 3782 764 3849; baseline -0.002 -14"><span class='ocrx_word' id='word_1_302' title='bbox 279 3791 305 3835; x_wconf 88' lang='lat' dir='ltr'>et</span> <span class='ocrx_word' id='word_1_303' title='bbox 333 3785 367 3834; x_wconf 90' lang='lat' dir='ltr'>de</span> <span class='ocrx_word' id='word_1_304' title='bbox 398 3798 443 3847; x_wconf 90' lang='lat' dir='ltr'>eo,</span> <span class='ocrx_word' id='word_1_305' title='bbox 473 3782 541 3849; x_wconf 90' lang='lat' dir='ltr'>quod</span> <span class='ocrx_word' id='word_1_306' title='bbox 572 3800 599 3834; x_wconf 88' lang='lat' dir='ltr'>re</span> <span class='ocrx_word' id='word_1_307' title='bbox 629 3800 692 3834; x_wconf 81' lang='lat' dir='ltr'>vera</span> <span class='ocrx_word' id='word_1_308' title='bbox 719 3790 764 3834; x_wconf 86' lang='lat' dir='ltr'>est.</span> 
     </span>
     <span class='ocr_line' id='line_1_37' title="bbox 277 3846 1299 3935; baseline 0.001 -32"><span class='ocrx_word' id='word_1_309' title='bbox 277 3851 475 3903; x_wconf 84' lang='lat' dir='ltr'>Pierson.ad</span> <span class='ocrx_word' id='word_1_310' title='bbox 492 3849 681 3916; x_wconf 82' lang='lat' dir='ltr'>Moer.p.145.</span> <span class='ocrx_word' id='word_1_311' title='bbox 699 3850 765 3914; x_wconf 78' lang='grc' dir='ltr'><strong><em>ἐξιλ</em></strong></span> <span class='ocrx_word' id='word_1_312' title='bbox 851 3853 880 3902; x_wconf 85' lang='lat' dir='ltr'>C.</span> <span class='ocrx_word' id='word_1_313' title='bbox 923 3846 1015 3915; x_wconf 85' lang='grc' dir='ltr'><strong><em>οἶμαι</em></strong></span> <span class='ocrx_word' id='word_1_314' title='bbox 1050 3854 1085 3904; x_wconf 81' lang='grc' dir='ltr'>δὲ</span> <span class='ocrx_word' id='word_1_315' title='bbox 1119 3851 1201 3904; x_wconf 80' lang='grc' dir='ltr'><strong><em>οὐδὲ</em></strong></span> <span class='ocrx_word' id='word_1_316' title='bbox 1237 3853 1299 3935; x_wconf 85' lang='grc' dir='ltr'><strong><em>σοι’]</em></strong></span> 
     </span>
     <span class='ocr_line' id='line_1_38' title="bbox 278 3918 1298 4007; baseline 0 -37"><span class='ocrx_word' id='word_1_317' title='bbox 278 3923 331 3971; x_wconf 83' lang='grc' dir='ltr'><strong><em>λειν</em></strong></span> <span class='ocrx_word' id='word_1_318' title='bbox 344 3918 485 3987; x_wconf 80' lang='lat' dir='ltr'>legendum</span> <span class='ocrx_word' id='word_1_319' title='bbox 498 3920 613 3984; x_wconf 76' lang='lat' dir='ltr'>putebat.</span> <span class='ocrx_word' id='word_1_320' title='bbox 632 3920 691 3982; x_wconf 77' lang='lat' dir='ltr'>Qua</span> <span class='ocrx_word' id='word_1_321' title='bbox 704 3934 765 3969; x_wconf 90' lang='lat' dir='ltr'>oon·</span> <span class='ocrx_word' id='word_1_322' title='bbox 816 3920 903 3971; x_wconf 92' lang='lat' dir='ltr'>Intell.</span> <span class='ocrx_word' id='word_1_323' title='bbox 926 3919 1001 3985; x_wconf 80' lang='grc' dir='ltr'><strong><em>ἄξιόν</em></strong></span> <span class='ocrx_word' id='word_1_324' title='bbox 1025 3941 1047 3971; x_wconf 87' lang='grc' dir='ltr'>τι</span> <span class='ocrx_word' id='word_1_325' title='bbox 1064 3919 1142 3987; x_wconf 79' lang='grc' dir='ltr'><em>λόγου</em></span> <span class='ocrx_word' id='word_1_326' title='bbox 1167 3919 1298 4007; x_wconf 82' lang='grc' dir='ltr'><strong><em>πεπεράν-</em></strong></span> 
     </span>
     <span class='ocr_line' id='line_1_39' title="bbox 278 3986 1298 4053; baseline 0 -15"><span class='ocrx_word' id='word_1_327' title='bbox 278 3990 378 4038; x_wconf 78' lang='lat' dir='ltr'>ieetnre</span> <span class='ocrx_word' id='word_1_328' title='bbox 400 4003 454 4038; x_wconf 88' lang='lat' dir='ltr'>non</span> <span class='ocrx_word' id='word_1_329' title='bbox 471 4002 536 4053; x_wconf 88' lang='lat' dir='ltr'>opus</span> <span class='ocrx_word' id='word_1_330' title='bbox 558 3993 605 4040; x_wconf 80' lang='lat' dir='ltr'>est</span> <span class='ocrx_word' id='word_1_331' title='bbox 638 3986 764 4038; x_wconf 78' lang='lat' dir='ltr'><strong>Nom6n·</strong></span> <span class='ocrx_word' id='word_1_332' title='bbox 817 3990 871 4038; x_wconf 77' lang='grc' dir='ltr'><strong><em>θαι.</em></strong></span> <span class='ocrx_word' id='word_1_333' title='bbox 906 3991 977 4040; x_wconf 75' lang='lat' dir='ltr'>Male</span> <span class='ocrx_word' id='word_1_334' title='bbox 994 3996 1056 4040; x_wconf 82' lang='lat' dir='ltr'>vett</span> <span class='ocrx_word' id='word_1_335' title='bbox 1080 3989 1150 4040; x_wconf 87' lang='lat' dir='ltr'>editt.</span> <span class='ocrx_word' id='word_1_336' title='bbox 1174 3986 1240 4039; x_wconf 82' lang='grc' dir='ltr'><strong><em>οὐδὲ</em></strong></span> <span class='ocrx_word' id='word_1_337' title='bbox 1258 3987 1298 4040; x_wconf 85' lang='grc' dir='ltr'><strong>σά.</strong></span> 
     </span>
     <span class='ocr_line' id='line_1_40' title="bbox 282 4053 1299 4138; baseline 0 -30"><span class='ocrx_word' id='word_1_338' title='bbox 282 4054 387 4122; x_wconf 81' lang='grc' dir='ltr'><strong><em>βάλλειν</em></strong></span> <span class='ocrx_word' id='word_1_339' title='bbox 404 4056 483 4106; x_wconf 81' lang='lat' dir='ltr'>etism</span> <span class='ocrx_word' id='word_1_340' title='bbox 500 4054 552 4104; x_wconf 86' lang='lat' dir='ltr'>diei</span> <span class='ocrx_word' id='word_1_341' title='bbox 569 4053 600 4105; x_wconf 87' lang='lat' dir='ltr'>de</span> <span class='ocrx_word' id='word_1_342' title='bbox 617 4070 656 4117; x_wconf 83' lang='lat' dir='ltr'>eo,</span> <span class='ocrx_word' id='word_1_343' title='bbox 673 4071 718 4119; x_wconf 77' lang='lat' dir='ltr'>qui</span> <span class='ocrx_word' id='word_1_344' title='bbox 711 4057 765 4105; x_wconf 82' lang='lat' dir='ltr'>&#39;·sl</span> <span class='ocrx_word' id='word_1_345' title='bbox 817 4056 963 4106; x_wconf 85' lang='lat' dir='ltr'>Similiter</span> <span class='ocrx_word' id='word_1_346' title='bbox 955 4075 982 4108; x_wconf 82' lang='grc' dir='ltr'>ιιι</span> <span class='ocrx_word' id='word_1_347' title='bbox 993 4057 1103 4108; x_wconf 79' lang='lat' dir='ltr'>Politice</span> <span class='ocrx_word' id='word_1_348' title='bbox 1115 4057 1210 4138; x_wconf 79' lang='lat' dir='ltr'>hospes</span> <span class='ocrx_word' id='word_1_349' title='bbox 1223 4057 1299 4108; x_wconf 77' lang='lat' dir='ltr'>Elee-</span> 
     </span>
     <span class='ocr_line' id='line_1_41' title="bbox 280 4121 1300 4190; baseline -0.001 -16"><span class='ocrx_word' id='word_1_350' title='bbox 280 4132 362 4174; x_wconf 79' lang='lat' dir='ltr'>terum</span> <span class='ocrx_word' id='word_1_351' title='bbox 385 4125 512 4174; x_wconf 88' lang='lat' dir='ltr'>bonorum</span> <span class='ocrx_word' id='word_1_352' title='bbox 534 4124 699 4189; x_wconf 79' lang='lat' dir='ltr'>possessione</span> <span class='ocrx_word' id='word_1_353' title='bbox 721 4124 766 4174; x_wconf 90' lang='lat' dir='ltr'>eii·</span> <span class='ocrx_word' id='word_1_354' title='bbox 816 4125 885 4174; x_wconf 84' lang='lat' dir='ltr'>tiens</span> <span class='ocrx_word' id='word_1_355' title='bbox 906 4142 931 4190; x_wconf 95' lang='lat' dir='ltr'>p.</span> <span class='ocrx_word' id='word_1_356' title='bbox 954 4123 1013 4176; x_wconf 89' lang='grc'><strong>260.</strong></span> <span class='ocrx_word' id='word_1_357' title='bbox 1035 4126 1069 4174; x_wconf 91' lang='lat' dir='ltr'>B</span> <span class='ocrx_word' id='word_1_358' title='bbox 1095 4122 1167 4189; x_wconf 83' lang='grc' dir='ltr'><strong><em>μέχρι</em></strong></span> <span class='ocrx_word' id='word_1_359' title='bbox 1190 4142 1239 4187; x_wconf 83' lang='grc' dir='ltr'><strong><em>περ</em></strong></span> <span class='ocrx_word' id='word_1_360' title='bbox 1265 4121 1300 4175; x_wconf 78' lang='grc' dir='ltr'>ἂν</span> 
     </span>
     <span class='ocr_line' id='line_1_42' title="bbox 281 4190 1298 4258; baseline 0 -16"><span class='ocrx_word' id='word_1_361' title='bbox 281 4194 323 4256; x_wconf 89' lang='lat' dir='ltr'>oit,</span> <span class='ocrx_word' id='word_1_362' title='bbox 347 4193 388 4242; x_wconf 83' lang='lat' dir='ltr'>vir</span> <span class='ocrx_word' id='word_1_363' title='bbox 405 4191 571 4242; x_wconf 79' lang='lat' dir='ltr'>doctissimus</span> <span class='ocrx_word' id='word_1_364' title='bbox 588 4191 644 4256; x_wconf 77' lang='lat' dir='ltr'>ipse</span> <span class='ocrx_word' id='word_1_365' title='bbox 661 4206 765 4243; x_wconf 77' lang='lat' dir='ltr'>nonens-</span> <span class='ocrx_word' id='word_1_366' title='bbox 817 4190 892 4242; x_wconf 78' lang='grc' dir='ltr'><strong><em>αὐτοὶ</em></strong></span> <span class='ocrx_word' id='word_1_367' title='bbox 910 4198 1090 4252; x_wconf 78' lang='grc' dir='ltr'><strong><em>κοινωνῶμεν,</em></strong></span> <span class='ocrx_word' id='word_1_368' title='bbox 1116 4191 1206 4242; x_wconf 79' lang='grc' dir='ltr'><strong><em>ἐατέον</em></strong></span> <span class='ocrx_word' id='word_1_369' title='bbox 1223 4190 1298 4258; x_wconf 79' lang='grc' dir='ltr'><strong><em>τάγε</em></strong></span> 
     </span>
     <span class='ocr_line' id='line_1_43' title="bbox 281 4257 1298 4326; baseline 0.002 -16"><span class='ocrx_word' id='word_1_370' title='bbox 281 4262 313 4310; x_wconf 91' lang='lat' dir='ltr'>sit</span> <span class='ocrx_word' id='word_1_371' title='bbox 329 4267 408 4326; x_wconf 79' lang='lat' dir='ltr'>etque</span> <span class='ocrx_word' id='word_1_372' title='bbox 426 4258 552 4325; x_wconf 88' lang='lat' dir='ltr'>exemplis</span> <span class='ocrx_word' id='word_1_373' title='bbox 565 4258 764 4322; x_wconf 77' lang='lat' dir='ltr'>demonstravit3</span> <span class='ocrx_word' id='word_1_374' title='bbox 817 4264 869 4310; x_wconf 79' lang='grc' dir='ltr'><strong><em>τῶν</em></strong></span> <span class='ocrx_word' id='word_1_375' title='bbox 894 4257 980 4310; x_wconf 80' lang='grc' dir='ltr'><strong><em>ἄλλοι</em></strong></span> <span class='ocrx_word' id='word_1_376' title='bbox 1014 4259 1161 4324; x_wconf 81' lang='grc' dir='ltr'><strong><em>δοξάσρατα</em></strong></span> <span class='ocrx_word' id='word_1_377' title='bbox 1189 4267 1298 4326; x_wconf 48' lang='grc' dir='ltr'><strong><em>χαιᾝρειν</em></strong></span> 
     </span>
     <span class='ocr_line' id='line_1_44' title="bbox 280 4327 1299 4395; baseline 0.002 -15"><span class='ocrx_word' id='word_1_378' title='bbox 280 4330 360 4380; x_wconf 86' lang='lat' dir='ltr'>utitur</span> <span class='ocrx_word' id='word_1_379' title='bbox 389 4333 477 4380; x_wconf 78' lang='lat' dir='ltr'>autem</span> <span class='ocrx_word' id='word_1_380' title='bbox 492 4327 619 4378; x_wconf 81' lang='lat' dir='ltr'>Soorstes</span> <span class='ocrx_word' id='word_1_381' title='bbox 648 4343 701 4378; x_wconf 91' lang='lat' dir='ltr'>non</span> <span class='ocrx_word' id='word_1_382' title='bbox 729 4334 765 4378; x_wconf 89' lang='lat' dir='ltr'>te·</span> <span class='ocrx_word' id='word_1_383' title='bbox 817 4329 884 4378; x_wconf 84' lang='lat' dir='ltr'>cons</span> <span class='ocrx_word' id='word_1_384' title='bbox 912 4329 953 4378; x_wconf 88' lang='lat' dir='ltr'>De</span> <span class='ocrx_word' id='word_1_385' title='bbox 981 4331 1042 4395; x_wconf 86' lang='lat' dir='ltr'>Rop.</span> <span class='ocrx_word' id='word_1_386' title='bbox 1067 4330 1100 4380; x_wconf 88' lang='lat' dir='ltr'>X.</span> <span class='ocrx_word' id='word_1_387' title='bbox 1130 4346 1155 4395; x_wconf 93' lang='lat' dir='ltr'>p.</span> <span class='ocrx_word' id='word_1_388' title='bbox 1183 4329 1241 4382; x_wconf 79' lang='lat'><strong>608.</strong></span> <span class='ocrx_word' id='word_1_389' title='bbox 1266 4332 1299 4382; x_wconf 91' lang='lat' dir='ltr'>D.</span> 
     </span>
     <span class='ocr_line' id='line_1_45' title="bbox 281 4394 1015 4464; baseline -0.001 -15"><span class='ocrx_word' id='word_1_390' title='bbox 281 4413 348 4450; x_wconf 71' lang='lat' dir='ltr'>inere</span> <span class='ocrx_word' id='word_1_391' title='bbox 369 4396 452 4449; x_wconf 88' lang='lat' dir='ltr'>hoo&#39;</span> <span class='ocrx_word' id='word_1_392' title='bbox 444 4411 502 4462; x_wconf 86' lang='lat' dir='ltr'>1pso</span> <span class='ocrx_word' id='word_1_393' title='bbox 524 4397 619 4459; x_wconf 81' lang='lat' dir='ltr'>verbo,</span> <span class='ocrx_word' id='word_1_394' title='bbox 645 4394 744 4461; x_wconf 89' lang='lat' dir='ltr'>quod</span> <span class='ocrx_word' id='word_1_395' title='bbox 736 4413 764 4446; x_wconf 89' lang='lat' dir='ltr'>m</span> <span class='ocrx_word' id='word_1_396' title='bbox 816 4399 896 4463; x_wconf 80' lang='lat' dir='ltr'>Legg.</span> <span class='ocrx_word' id='word_1_397' title='bbox 914 4413 939 4464; x_wconf 89' lang='lat' dir='ltr'>p.</span> <span class='ocrx_word' id='word_1_398' title='bbox 956 4395 1015 4452; x_wconf 81' lang='lat'><strong>647.</strong></span> 
     </span>
    </p>
   </div>
   <div class='ocr_carea' id='block_1_8' title="bbox 0 0 1626 5259">
    <p class='ocr_par' dir='ltr' id='par_1_12' title="bbox 0 0 1626 5259">
     <span class='ocr_line' id='line_1_46' title="bbox 0 0 1626 5259; baseline 0 1"><span class='ocrx_word' id='word_1_399' title='bbox 0 0 1626 5259; x_wconf 95' lang='lat' dir='ltr'> </span> 
     </span>
    </p>
   </div>
  </div>
 </body>
</html>
