3242 5259
548 596 604 654 AD
626 594 810 657 GORGIAM
832 596 1035 656 PLATONIS.
1260 606 1298 658 65

279 764 409 840 spectari
430 763 589 823 Alcibiadis
618 769 744 823 aetatem
765 767 814 824 vel
836 785 874 823 ex
902 786 936 822 eo
957 766 1083 840 colligas,
1104 769 1180 844 quod
1201 767 1244 824 illi
1266 768 1296 824 in

278 852 370 908 rebus
391 848 528 908 civilibus
550 850 586 906 ab
608 849 670 924 ipso
685 850 802 908 Socrate
817 853 1009 926 exprobratur
1028 851 1197 909 insolentior
1210 872 1297 929 quae-

279 937 350 993 dam
377 933 551 990 iudiciorum
579 939 609 991 11
637 934 822 993 consiliorum
848 935 1057 1006 inconstantia,
1094 956 1112 992 a
1139 936 1298 1011 sapientiae

280 1018 447 1077 rationibus
474 1017 601 1075 alienior.
644 1019 692 1075 Ex
720 1039 777 1096 quo
803 1026 885 1094 patet
912 1039 979 1077 eum
1006 1020 1064 1076 iam
1092 1020 1123 1077 in
1150 1021 1298 1095 republica

280 1109 435 1163 versatum
455 1102 611 1159 informari.
645 1104 706 1161 Nec
727 1122 795 1161 vero
817 1104 847 1161 in
861 1105 952 1162 altero
965 1105 1026 1161 loeo
1038 1125 1065 1179 p.
1082 1108 1151 1162 481.
1166 1105 1202 1162 D.
1217 1124 1296 1182 seqq.

281 1188 446 1267 quidquam
472 1186 562 1256 inest,
591 1189 667 1264 quod
696 1188 765 1244 huic
792 1188 953 1246 sententiae
981 1189 1041 1245 ullo
1068 1191 1152 1245 modo
1181 1190 1297 1247 officiat.

282 1273 370 1336 tluod
391 1270 472 1329 enim
485 1271 526 1328 ibi
546 1271 676 1336 Socrates
690 1272 872 1330 Alcibiadem
884 1279 970 1330 vocat
989 1272 1105 1330 delicias
1126 1293 1192 1331 suas
1214 1273 1297 1331 itern-

283 1377 341 1436 que
363 1355 512 1414 Calliclem
533 1355 575 1413 ait
587 1355 712 1412 Domum
733 1358 803 1414 adeo
825 1357 855 1413 in
877 1356 987 1415 deliciis
1008 1358 1123 1426 habere,
1145 1361 1179 1415 ut
1200 1357 1225 1414 ei
1245 1377 1298 1432 per

282 1440 381 1498 omnia
394 1439 594 1513 morigeretur,
614 1441 650 1498 fit
662 1440 717 1497 hoc
731 1447 831 1515 aperto
845 1460 896 1516 per
912 1442 1039 1498 facetum
1052 1441 1155 1511 iocum,
1169 1443 1297 1518 quando-

282 1527 403 1604 quidem
431 1527 516 1581 ambo
543 1523 708 1582 iudicantur
736 1544 784 1582 eos
819 1526 913 1582 adhuc
945 1525 1065 1598 diligere
1093 1526 1171 1584 viros
1199 1527 1298 1596 factos,

282 1630 356 1688 quos
384 1628 491 1685 pueros
512 1608 560 1666 vel
587 1609 782 1667 adolescentes
804 1609 1016 1681 adamaverint,
1046 1611 1100 1666 hoc
1121 1616 1219 1667 tamen
1240 1611 1298 1668 dis-

283 1694 421 1764 crimine,
458 1693 536 1770 quod
569 1691 632 1766 ipse
660 1693 819 1752 Alcibiadis
846 1694 1070 1752 inconstantiam
1105 1695 1297 1769 reprehendit,

283 1778 434 1836 Calliclem
455 1783 554 1834 autem
573 1776 645 1835 dicit
658 1778 750 1835 Demo
771 1797 823 1852 per
843 1777 940 1834 omnia
958 1778 1166 1835 obsecundare:
1189 1778 1221 1835 in
1241 1798 1299 1856 quo

283 1864 397 1920 facetus
412 1861 491 1919 inest
505 1861 621 1918 aculeus
635 1862 666 1917 in
687 1861 834 1918 hominem
854 1862 1044 1920 democratiae
1057 1862 1298 1937 intemperantius

284 1953 442 2004 amantem.
485 1943 625 2007 Quocirca
644 1946 755 2003 frustra
774 1947 902 2020 profecto
924 1945 971 2002 hic
992 1946 1199 2023 anquisiveris,
1228 1968 1299 2004 num

284 2031 454 2089 Alcibiades
483 2035 535 2088 aut
554 2029 675 2100 Demos,
704 2029 880 2106 Pyrilampis
906 2030 998 2101 filius,
1028 2038 1091 2088 tum
1112 2032 1207 2089 adhuc
1228 2032 1300 2088 flore

284 2114 410 2174 iuvenili
430 2114 588 2184 nituerint,
616 2115 693 2192 quod
715 2119 791 2172 certe
812 2135 872 2171 non
899 2134 970 2189 opus
991 2115 1050 2173 fuit
1070 2135 1104 2172 ca
1133 2134 1220 2192 quam
1247 2136 1300 2173 nos

284 2202 443 2275 probamus
470 2197 877 2273 interpretationcadmissa3
906 2199 978 2256 satis
999 2199 1076 2257 enirn
1104 2199 1160 2257 erit
1185 2200 1300 2258 novisse

286 2304 334 2342 eos
348 2290 416 2343 tum
429 2283 461 2339 111
475 2283 582 2358 optimo
596 2281 690 2341 virilis
705 2282 808 2341 aetatis
822 2283 894 2341 flore
907 2283 998 2341 fuisse
1012 2283 1193 2354 constitutos,
1215 2291 1249 2342 11
1269 2284 1300 2341 11

284 2366 436 2444 republica
465 2367 534 2425 clari
569 2365 710 2424 exsistere
737 2367 901 2441 potuerint,
936 2368 1012 2444 quod
1040 2373 1117 2425 certe
1152 2368 1301 2426 subductis

285 2453 421 2510 omnibus
434 2450 596 2509 rationibus
616 2470 701 2508 nemo
714 2450 824 2508 infitias
840 2451 882 2508 ire
897 2451 1022 2509 audebit.
1051 2451 1216 2510 Alcibiades
1237 2451 1300 2528 qui·

286 2539 354 2607 dem
376 2541 469 2606 certe,
498 2535 523 2594 si
550 2541 637 2594 natus
664 2534 722 2592 fuit
750 2536 864 2612 Olymp.
888 2540 943 2606 82,
974 2539 1001 2591 2.
1025 2557 1064 2586 =
1088 2541 1147 2591 455
1177 2536 1300 2605 10111,

285 2621 373 2680 sicuti
395 2638 490 2695 nuper
511 2618 603 2677 critici
624 2620 696 2676 duce
717 2619 860 2677 Meiere
881 2618 914 2676 in
934 2619 1024 2676 Indic.
1046 2619 1138 2677 Lectt.
1160 2619 1301 2696 Gryphis-

286 2707 373 2766 wald.
397 2704 467 2762 anni
492 2707 630 2766 18114.
652 2703 839 2778 probabiliter
859 2708 1040 2774 statuerunt,
1068 2710 1203 2776 vegetam
1224 2710 1301 2762 aeta·

286 2798 346 2849 tem
375 2789 604 2866 haudquaquam
633 2787 693 2845 iam
721 2807 854 2862 egressus
881 2788 953 2858 fuit,
983 2787 1126 2864 siquidem
1154 2795 1217 2847 tum
1245 2788 1303 2847 fuit

287 2872 545 2953 quadragenarius.
566 2872 628 2930 Nec
641 2891 710 2930 vero
726 2873 860 2929 chemo
874 2873 966 2930 multo
982 2872 1066 2930 aliter
1077 2872 1303 2931 existimandum

288 2960 352 3030 erit,
374 2958 446 3016 licet
466 2956 507 3028 is,
534 2975 590 3033 quo
611 2962 739 3032 temporo
760 2956 891 3030 dialogus
912 2956 1030 3014 habitus
1050 2957 1185 3030 fingitur,
1215 2957 1303 3014 etiam

288 3049 387 3102 aetate
407 3041 502 3100 minor
522 3040 613 3099 fuisse
626 3040 768 3099 videatur.
797 3042 908 3099 Verum
929 3041 1000 3099 satis
1021 3041 1056 3098 de
1075 3041 1130 3099 his.
1158 3041 1305 3116 Apparuit

289 3128 367 3185 enim
380 3126 431 3184 rel
445 3145 483 3182 ex
497 3125 552 3197 his,
574 3125 682 3201 opinor,
705 3144 779 3202 quae
794 3126 830 3182 dc
843 3125 992 3183 Alcibiade
1006 3125 1139 3200 exposita
1157 3127 1303 3199 leguntur,

289 3231 323 3269 ea
343 3210 421 3268 nihil
443 3209 591 3285 impedire,
613 3208 766 3286 quominus
787 3209 935 3283 dialogum
956 3229 989 3266 eo
1011 3229 1068 3286 quo
1090 3209 1217 3267 diximus
1231 3216 1303 3267 tem-

288 3315 357 3372 pore
379 3293 515 3353 habitum
536 3313 599 3351 esse
619 3293 828 3352 existimemus.
864 3292 1002 3370 Sequitur
1021 3313 1105 3364 vero,
1127 3300 1162 3350 ut
1182 3295 1218 3350 de
1240 3293 1305 3350 aliis

289 3388 456 3456 temporum
475 3376 589 3436 indiciis
610 3377 815 3452 explicandum
835 3377 887 3449 sit,
917 3396 991 3454 quae
1020 3384 1107 3436 antea
1126 3377 1253 3434 vidimus
1273 3377 1304 3432 in

289 3464 351 3540 ipso
375 3482 462 3538 opere
483 3461 596 3537 prodita
617 3481 688 3520 esse.
731 3462 851 3520 Habent
872 3467 969 3520 autem
997 3461 1055 3517 iam
1084 3479 1138 3517 noc
1158 3460 1209 3516 illa
1229 3460 1304 3516 disfi-

291 3549 433 3606 cultatem
459 3545 566 3617 ullam,
594 3565 669 3623 quae
690 3553 846 3604 narrantur
873 3548 909 3602 dc
931 3546 1088 3617 Archelao,
1118 3544 1305 3601 Macedoniae

290 3652 366 3706 rege.
411 3629 471 3692 Qui
491 3638 526 3689 ut
552 3630 661 3688 diutius
690 3636 757 3689 ante
780 3630 914 3707 colloquii
936 3629 1077 3687 Platonici
1105 3635 1235 3704 tempora
1255 3648 1307 3704 per

291 3717 401 3774 scelera
422 3720 453 3774 11
473 3713 586 3789 flagitia
604 3733 694 3788 regno
716 3713 827 3790 potitus
848 3714 895 3785 sit,
916 3719 1014 3771 tamen
1034 3713 1171 3771 extremis
1193 3731 1306 3790 quoque

291 3800 361 3859 belli
376 3796 626 3874 ¹Peloponnesiaci
655 3798 739 3856 annis
766 3797 863 3873 potuit
891 3798 1043 3855 memorari
1072 3796 1307 3865 commodissime,

292 3884 437 3963 siquidem
463 3883 552 3941 etiam
578 3888 643 3942 tum
671 3882 809 3940 memoria
838 3881 901 3940 eius
930 3882 1055 3940 Athenis
1083 3901 1175 3958 usque
1203 3879 1308 3953 viguit,

292 3969 379 4027 sicuti
409 3968 459 4027 vel
488 3966 635 4043 Euripidis
664 3967 726 4025 vita
754 3966 901 4024 luculente
931 3971 1069 4037 testatur,
1105 3966 1192 4042 idque
1221 3963 1307 4021 etiam

292 4053 356 4111 ideo
385 4052 497 4112 factum
527 4057 586 4123 est,
617 4053 694 4129 quod
714 4050 872 4126 posteriore
901 4051 983 4124 regni
1005 4050 1050 4108 sui
1071 4055 1206 4124 tompore
1220 4048 1309 4120 vulgo

292 4138 364 4195 felix
394 4155 428 4193 ac
457 4137 559 4194 beatus
588 4143 633 4194 est
653 4134 851 4210 praedicatus,
881 4135 963 4192 cuius
992 4134 1083 4210 ipsius
1105 4133 1147 4191 rei
1175 4132 1312 4189 memoria

294 4220 437 4280 Platonici
464 4219 605 4277 'sermonis
641 4225 810 4293 argumento
839 4219 924 4291 longe
959 4224 1003 4275 est
1032 4215 1313 4274 convenientissima

295 4303 357 4367 Quo
387 4304 506 4383 quidem
533 4302 595 4361 loco
625 4322 679 4361 nec
706 4302 875 4378 scrupulum
902 4301 995 4360 iniicit
1021 4301 1145 4358 formula
1163 4296 1244 4375 χθὲς
1264 4298 1313 4357 καὶ

296 4384 399 4468 πρώην
421 4409 449 4464 p.
473 4390 543 4445 470.
566 4388 618 4458 D.,
648 4406 736 4465 quam
757 4387 845 4445 etiam
874 4387 910 4444 dc
939 4391 1068 4461 tempore
1089 4384 1242 4442 remotiore
1265 4385 1314 4441 ad·

347 4503 399 4542 Pht
414 4501 470 4551 Opp.
485 4501 532 4540 Vol.
545 4501 573 4540 11.
588 4499 644 4539 Seot.
657 4501 675 4538 1.
1099 4495 1116 4548 5
