3242 5259
383 595 445 649 330
806 589 1006 650 PLArorus

383 753 504 834 ταύτην
524 752 584 834 τήν
604 753 787 835 ἀδυναμίαν
817 753 1073 835 ἀκο-θνήσκοιμι,
1106 752 1330 836 ἀγανακτοίην
1348 759 1395 818 ἀν·

384 851 411 913 εί
432 849 466 915 δέ
495 853 667 931 κολακικής
694 849 864 933 ῥητορικῆς
890 849 994 936 ἐνδείᾳ
1020 852 1199 933 τελευτῴην
1220 847 1341 933 ἔγωγε,
1366 848 1397 917 εὖ

332 953 361 1017 Ε
385 941 473 1024 οίδα,
511 947 560 1011 ὅτι
587 947 704 1033 ῥᾳδίως
732 948 814 1023 ἴδοις
838 953 881 1012 ἄν
900 970 947 1032 με
983 946 1127 1029 φέροντα
1157 952 1216 1014 τὸν
1244 953 1399 1015 θάνατον.

384 1046 462 1110 αὐτὸ
482 1043 623 1128 μὲνγὰρ
644 1046 680 1110 τὸ
701 1047 922 1128 ἀποθνήσκειν
941 1046 1047 1121 οὐδεὶς
1069 1049 1230 1130 φοβεῖται,
1253 1047 1339 1123 ὄςτις
1358 1048 1400 1131 μὴ

383 1144 586 1208 παντάπασιν
606 1137 772 1226 ἀλόγιστός
791 1166 824 1208 τε
843 1142 896 1208 καί
917 1145 1079 1225 ἄνανδρός
1108 1143 1190 1222 ἐστι,
1222 1147 1260 1210 τὸ
1282 1145 1319 1210 δὲ
1338 1148 1400 1210 ἀδι-

382 1247 451 1307 κεῖν
480 1244 645 1325 φοβεῖται·
682 1247 811 1306 πολλῶν
844 1241 908 1325 γὰρ
943 1244 1146 1326 ἀδικημάτων
1172 1243 1316 1326 γέμοντα
1345 1243 1401 1327 τήν

382 1339 491 1424 ψυχήν
527 1341 570 1414 είς
595 1335 707 1404 ’Ἅιδου
742 1337 918 1421 ἀφικέσθαι
952 1343 1086 1406 πάντων
1120 1338 1257 1424 ἔσχατον
1294 1347 1401 1407 κακῶν

288 1456 290 1458 ·
383 1436 477 1502 ἐστιν.
498 1439 526 1501 εί
545 1436 580 1502 δὲ
600 1440 718 1519 βούλει,
740 1439 792 1504 σοί
812 1437 885 1521 ἐγώ,
906 1440 950 1514 ὡς
969 1451 1065 1504 τοῦτο
1081 1439 1185 1515 οὕτως
1205 1437 1277 1523 ἔχει,
1302 1441 1399 1505 έθέλο

382 1536 481 1618 λόγον
501 1533 593 1614 λέξαι.
625 1538 728 1600 ΚΑΛ.
747 1531 824 1601 Ἀλλ’
846 1535 972 1619 ἐπείπερ
991 1561 1028 1621 γε
1048 1536 1103 1603 καί
1116 1532 1217 1603 τᾶλλα
1234 1537 1399 1620 έπέρανας,

382 1634 437 1699 καί
457 1643 553 1698 τοῦτο
573 1630 726 1723 πέρανον.

298 1751 361 1816 523
448 1733 529 1822 (lap.
552 1734 714 1800 LXXIX.
769 1739 846 1800 >ssu
859 1729 985 1800 ’Ἄκουε
1006 1735 1057 1819 δή,
1079 1736 1171 1818 φασί,
1192 1738 1281 1818 μάλα
1302 1741 1399 1802 καλοῦ

381 1835 493 1915 λόγου,
517 1835 556 1897 ὃν
577 1833 617 1897 σὺ
637 1833 697 1916 μέν
719 1833 830 1916 ἡγήσει
851 1839 978 1916 μῦθον,
1000 1833 1044 1908 ὡς
1064 1832 1126 1916 ἐγὼ
1147 1828 1252 1916 οἶμαι,
1285 1833 1349 1916 ἐγὼ
1368 1833 1400 1898 δὲ

384 1934 496 2014 λόγον’
528 1931 571 2006 ὡς
599 1932 705 2014 ἀληθῆ
726 1932 788 2014 γὰρ
817 1936 896 1997 ὄντα
918 1947 969 1996 σοι
996 1929 1074 2008 λέξω
1102 1934 1123 1994 ἀ
1149 1931 1254 2014 μέλλω
1285 1930 1396 2015 λέγειν.

374 2025 496 2113 Ὥςπερ
516 2023 736 2112 γὰρ”Ομηρος
756 2030 848 2112 λέγει,
869 2031 1067 2111 διενείμαντο
1084 2028 1144 2111 τὴν
1158 2028 1261 2113 ἀρχὴν
1283 2030 1302 2094 ὁ
1322 2024 1399 2105 Ζεὺς

383 2126 437 2193 καί
459 2129 477 2193 ὁ
500 2127 667 2192 Ποσειδῶν
695 2126 787 2191 καὶὸ
810 2128 988 2201 Πλούτων,
1017 2125 1124 2209 ἐπειδὴ
1152 2128 1243 2206 παρὰ
1263 2134 1325 2192 τοῦ
1343 2151 1395 2190 τια-

383 2227 458 2307 τρδς
478 2227 670 2309 παρέλαβον.
699 2220 742 2308 ἦν
762 2219 824 2290 οὖν
849 2225 951 2307 νόμος
972 2225 1025 2290 ὅδε
1046 2224 1118 2306 περὶ
1140 2227 1330 2308 ἀνθρώπων
1350 2225 1397 2289 ini

434 2412 464 2462 E.
488 2407 664 2478 ἀλόγιστός
691 2410 794 2460 τεκαὶ
819 2405 1005 2474 ἄνανδροι]
1039 2409 1071 2459 V.
1089 2405 1183 2476 ἀλογοο
1211 2410 1306 2461 invitis
1328 2410 1399 2461 οοδδ.

383 2481 510 2530 omnibus.
528 2481 609 2530 Recte
625 2481 677 2529 iam
694 2480 752 2529 Bas.
772 2477 796 2529 2.
812 2473 953 2544 ἀλόγιστοι.
972 2478 1041 2528 conf.
1058 2477 1169 2543 apolog.
1187 2477 1258 2529 Soet.
1276 2495 1301 2544 p.
1314 2477 1355 2530 37.
1371 2480 1398 2528 C.

434 2560 506 2615 Ἀλλ’
526 2563 664 2626 ἐπείπερ
689 2581 724 2629 γε
741 2562 790 2629 -]
808 2564 840 2612 V.
859 2559 998 2628 ἐπειδήπερ
1017 2561 1059 2612 καί
1078 2553 1166 2621 τᾶλλα,
1185 2561 1256 2626 quod
1274 2569 1398 2612 mutatum

383 2649 416 2683 ex
434 2632 522 2683 Clark.
540 2634 599 2683 Vat.
613 2631 697 2682 >Coisl.
714 2632 848 2693 Parisinis
866 2630 934 2681 Flor.
953 2646 976 2680 a.
995 2629 1019 2681 b.
1038 2647 1058 2679 c.
1077 2629 1102 2679 δ.
1119 2647 1152 2678 ιιι.
1170 2645 1194 2679 ο.
1212 2647 1239 2680 x.

433 2727 462 2776 P.
481 2723 538 2777 523.
559 2729 621 2775 νῦν
639 2725 653 2773 ί
658 2742 684 2774 τι
701 2724 716 2773 έ
721 2722 805 2791 στιν]
824 2725 963 2790 Perperam
981 2724 1063 2790 vulgo
1082 2721 1162 2773 ἐστίν.

433 2819 462 2868 Β.
482 2816 514 2870 ἐς
532 2815 690 2882 μακάρων
711 2815 848 2884 νήσους]
873 2817 918 2867 Sic
934 2817 994 2867 Par.
1012 2817 1044 2866 V.
1062 2832 1108 2882 pro
1125 2815 1198 2881 vulg.
1216 2815 1257 2870 alc
1274 2833 1314 2879 μ,
1332 2815 1399 2883 quod

417 2988 447 3037 Ε.
478 2983 591 3039 οὐδεὶς
617 2984 790 3052 φοβεῖται]
825 2987 865 3036 De
916 2986 993 3050 quasi
1008 2985 1139 3050 proverbii
1156 2987 1271 3050 speciem
1288 2986 1398 3037 referret

383 3056 491 3121 repetito
513 3054 592 3104 verbo
615 3071 640 3107 v.
658 3054 691 3105 ad
717 3071 742 3118 p.
759 3052 817 3105 516.
835 3054 865 3103 Ε.
917 3055 1068 3119 Opportune
1091 3053 1201 3103 contulit
1224 3055 1397 3105 Heindorf.

418 3124 481 3187 Cap.
498 3123 618 3173 LXXIX.
636 3124 664 3172 P.
678 3121 736 3174 523.
749 3118 865 3172 ”Anava
917 3123 985 3172 Tim.
1011 3138 1036 3186 p.
1059 3119 1100 3172 20.
1127 3122 1166 3171 D:
1194 3118 1278 3172 ἄκουε
1302 3121 1350 3187 δή,
1377 3112 1396 3171 oi

384 3188 434 3256 δή,
455 3194 548 3253 φασί,
571 3207 595 3251 μ.
615 3192 678 3241 καλ.
701 3189 738 3256 λ.]
775 3191 865 3254 Sequi·
918 3186 1070 3254 Σώκρατες,
1094 3185 1172 3255 λόγον
1190 3187 1257 3250 μάλα
1275 3190 1326 3249 μὲν
1343 3185 1395 3239 ἀιό-

383 3264 425 3309 tur
441 3258 621 3310 nobilissimus
637 3259 719 3321 locus,
737 3274 787 3323 quo
805 3257 866 3307 Pla·
916 3275 982 3317 που,
1001 3258 1151 3307 πεντήκοντ’
1164 3275 1193 3323 γε
1203 3254 1256 3324 μὴν
1273 3254 1397 3323 ἀληθοῦς,

383 3332 423 3391 to,
448 3328 533 3392 qualis
554 3329 641 3378 futura
665 3328 699 3377 sit
721 3328 865 3377 animorum
916 3325 963 3374 ubi
991 3326 1085 3375 schol:
1120 3331 1195 3374 τοῦτο
1225 3324 1397 3387 παροιμιῶδές

383 3405 442 3461 post
458 3398 527 3447 hano
542 3397 622 3446 vitam
640 3395 767 3457 conditio,
792 3394 866 3444 fabu·
918 3392 989 3443 ἐστιν
1007 3390 1050 3457 ἀφ’
1069 3385 1109 3443 ὦν
1126 3391 1318 3443 ἐκκαλέσασθαι
1335 3394 1397 3458 βου·

384 3464 438 3515 lose
461 3481 491 3514 ac
508 3466 608 3528 poetice
631 3464 759 3527 exposuit.
793 3463 865 3513 Idem
917 3460 1017 3522 λάμεθα
1041 3458 1087 3512 τάν
1111 3457 1256 3518 ἀκούοντα,
1281 3463 1345 3511 ἴσον
1367 3457 1397 3509 ἀι

384 3541 562 3599 argumentum
589 3533 712 3582 tractavit
733 3531 865 3582 Phaedon.
918 3535 952 3597 τῷ
971 3528 1046 3594 δέχου
1065 3526 1098 3596 δή
1116 3528 1145 3578 τὰ
1162 3526 1220 3592 ἀξια
1237 3525 1329 3594 ἀκοῆς.
1354 3530 1397 3579 Ce-

385 3617 408 3665 p.
434 3598 490 3651 107.
510 3601 543 3650 D.
567 3616 636 3664 seqq.
655 3601 695 3649 De
713 3598 822 3665 Republ.
841 3615 865 3664 p.
916 3605 999 3648 terum
1029 3597 1169 3647 laudantur
1198 3597 1264 3647 haec
1291 3614 1308 3646 a
1330 3596 1398 3646 Plu·

384 3666 435 3720 614
458 3682 543 3731 seqq.‚
571 3667 615 3717 sed
640 3667 742 3717 diversa
765 3668 867 3717 ratione
918 3665 1036 3716 taraho
1055 3666 1088 3715 ad
1105 3665 1226 3730 Apollon.
1244 3663 1340 3729 p.120.
1358 3680 1399 3713 us·

384 3753 430 3801 pro
449 3735 550 3785 diverso
576 3734 724 3801 scriptionis
747 3736 867 3785 oonsilio.
917 3750 968 3798 qne
985 3733 1018 3783 ad
1036 3749 1060 3798 p.
1078 3732 1136 3784 524.
1154 3735 1190 3782 B:
1211 3731 1337 3793 σώματος,
1354 3728 1396 3782 ἀπ’

385 3805 425 3854 De
435 3804 543 3864 caussis,
561 3802 655 3867 quibus
669 3808 798 3867 permotus
810 3802 867 3868 phi·
918 3798 1049 3868 ἀλλήλοιν,
1068 3801 1101 3852 ab
1112 3800 1259 3851 Eusebio
1277 3803 1397 3866 Praepar.

385 3870 508 3936 losophus
531 3886 595 3920 usus
612 3872 647 3920 sit
662 3870 809 3920 fabularum
828 3870 867 3918 in·
916 3870 1087 3935 EvangXlI,
1104 3869 1128 3920 6.
1145 3885 1170 3934 p.
1183 3867 1241 3919 577.
1253 3868 1294 3918 ed.
1304 3871 1399 3931 Vigor„

385 3939 511 4001 volucris,
535 3938 599 3988 alibi
616 3938 792 4003 exposuimus.
826 3938 866 3986 De
918 3954 934 3987 a
956 3937 1164 3988 Theodoreto
1187 3937 1279 3986 Graec.
1306 3937 1398 3987 Affeot.

384 4007 496 4057 formula
520 4003 599 4056 ἀκουε
618 4004 662 4073 δή,
686 4022 737 4070 qua
759 4010 868 4054 utuntur
919 4005 1005 4055 Curat.
1032 4006 1147 4057 Sermon.
1165 4006 1211 4056 XI.
1235 4021 1260 4068 p.
1278 4003 1338 4055 649.
1361 4003 1397 4055 erl

385 4076 418 4137 ii,
445 4075 490 4139 qni
521 4076 571 4124 sibi
604 4079 729 4140 exoptant
762 4072 867 4123 audien·
919 4073 1055 4136 sirmond„
1089 4090 1114 4129 a,
1131 4071 1274 4123 Stobaeo
1309 4073 1398 4137 Eclog.

385 4143 458 4204 tiam,
473 4143 519 4192 ubi
530 4142 592 4208 quid
604 4150 724 4194 narratur
734 4141 867 4193 auditione
918 4140 997 4205 Phys.
1025 4142 1046 4191 I.
1076 4158 1102 4207 p.
1125 4139 1183 4191 142.
1211 4141 1333 4190 Imitatus
1362 4147 1400 4190 est

386 4227 439 4259 non
461 4210 611 4276 indignum,
641 4211 808 4274 exposuimus
835 4208 868 4259 ad
919 4210 989 4258 hunc
1017 4210 1104 4259 locum
1128 4209 1334 4259 Plutarchus
1361 4210 1400 4258 De

387 4278 523 4328 Timaeum
553 4295 577 4342 p.
604 4278 644 4333 20.
674 4280 706 4327 D.
752 4276 867 4328 Verbum
919 4277 944 4326 S.
962 4278 993 4327 N.
1013 4277 1045 4327 V.
1062 4295 1087 4342 p.
1105 4275 1145 4326 72.
1163 4277 1202 4327 ed.
1220 4275 1356 4340 Wyttenb.

390 4348 459 4404 φασί
478 4346 633 4412 interponit,
658 4346 719 4411 quia
741 4345 868 4395 sollemne
952 4346 1064 4404 μῦθον
1086 4373 1119 4382 -
1142 4341 1203 4408 έγά
1228 4344 1264 4394 δὲ
1287 4340 1399 4409 λόγον]

387 4412 438 4464 hoc
465 4413 663 4466 tuit'narrandi
690 4414 807 4476 initium,
838 4416 869 4463 nt
922 4411 1019 4466 Μῦθον
1036 4413 1068 4464 de
1085 4412 1184 4476 fabula,
1200 4409 1278 4479 λόγος
1296 4412 1328 4463 dc
1344 4427 1401 4462 nar-
