3242 5259
295 1249 297 1254 ’
386 1234 484 1320 μέρους
508 1230 535 1284 τὸ
553 1232 616 1284 ὅλοι
637 1236 930 1320 χαρακιιγρίζουοιι·
906 1233 961 1284 ἐπει

387 601 431 653 32,
741 595 1040 656 PROLEGOMENA

448 765 553 842 Itaque
573 764 698 840 primum
726 765 843 842 quidem
863 765 1003 823 nonnulla
1032 765 1316 825 animadverterest
1343 785 1404 823 mo·

385 868 454 907 nere
474 850 638 908 consultum
663 849 809 921 ducimus,
841 870 916 928 quae
944 852 980 908 ad
1001 850 1141 908 indicium
1169 851 1205 908 de
1226 851 1350 909 materia
1370 852 1405 909 in
1438 929 1440 932 Ι

384 935 440 992 hoc
459 934 533 993 libro
553 940 679 995 tractata
698 937 857 1011 regendum
883 940 971 1013 atque
993 936 1220 994 confirmandum
1247 936 1336 995 utilia
1355 937 1405 996 vel

386 1164 584 1249 ἐπιγράφουσι,
587 1163 757 1232 ,Γοργί”ας,
742 1185 757 1232 η
776 1168 837 1231 περὶ
857 1161 1018 1231 (inmersis
1037 1171 1121 1218 κακῶς
1140 1164 1175 1216 δέ.
1195 1159 1333 1232 οὗτοιγὰρ
1350 1163 1404 1217 sind

963 1187 1044 1301 δὴ
1016 1253 1065 1300 γαρ
1086 1235 1187 1300 Γοργίᾳ
1205 1233 1324 1319 διελέχθη
1342 1237 1404 1300 περὶ

387 1298 536 1369 ῥητορικῆς,
560 1300 588 1352 ἐκ
606 1319 698 1352 τουτου
721 1320 768 1351 τοι
795 1318 894 1352 οκοιιοιι
917 1301 1083 1367 ἐπορίσαντο.
1119 1305 1200 1351 καίτοι
1224 1299 1290 1352 οὐδὲ
1315 1305 1409 1353 πολλοί

386 1371 456 1421 slew
478 1371 506 1419 οἱ
528 1367 706 1454 τοιουτολόγοι.
741 1367 810 1420 ἄλλοι
835 1369 864 1420 δέ
892 1387 987 1431 φαοιιι,
1016 1369 1053 1420 ὅτι
1071 1371 1137 1454 περὶ
1163 1368 1331 1453 δικαιοσύνης
1361 1371 1404 1422 καλ

355 1475 366 1499 ¹-
385 1436 487 1491 ἀδικίας
505 1436 658 1523 διαλέγεται
678 1435 713 1489 nis
731 1456 766 1487 αι
784 1443 835 1488 τῶι
853 1438 902 1500 μὲι
920 1437 1030 1488 δικαίοιι
1047 1434 1249 1498 εὐδαιμόιιῧοιι
1208 1456 1334 1498 οιιιτοιιι,
1354 1445 1406 1489 τολιι

386 1505 416 1556 δὲ
433 1502 566 1556 οἶδίιιωι’
551 1511 652 1588 ατυχιῦιι
670 1507 712 1555 καλ
730 1502 843 1556 ἄθλι’ωιι
862 1505 904 1556 καὶ
923 1504 979 1573 ὅσοι
1001 1503 1035 1556 ἂι
1053 1503 1141 1558 ἄδικός
1159 1523 1195 1557 τις
1215 1504 1264 1571 ἐιη,
1289 1504 1405 1574 τοσούτῳ

385 1571 560 1658 ἀθλιώτερος,
585 1570 634 1623 univ
657 1567 834 1626 oiddvutos
816 1595 847 1638 ῃ,
873 1575 908 1623 ἔτι
933 1577 1018 1641 πολλῳ
1041 1576 1137 1634 μαλλοι
1159 1570 1326 1626 ἀθλιώτατος.
1362 1577 1404 1625 καὶ

386 1634 456 1691 οὗτοι
467 1637 521 1691 δὲ’
506 1638 558 1691 ond
573 1640 670 1722 μέρους
681 1637 727 1691 τδιι
740 1641 839 1691 οιιοιτὸι
849 1627 1065 1728 εἰιλαμβγλιουοιιι
1052 1640 1098 1690 ιὲιι
1110 1646 1162 1691 zoin
1172 1637 1239 1705 πρὸς
1252 1638 1297 1691 τδιι
1308 1639 1405 1692 Πῶλοιι

386 1707 479 1776 λόγωι.
498 1705 566 1758 cilios
585 1708 614 1759 δὲ
626 1708 754 1794 λέγουσιν,
773 1707 811 1759 ὅτι
826 1707 926 1759 οιιοιιὸι
938 1711 987 1774 ἔχει
1005 1711 1066 1774 περὶ
1085 1714 1131 1759 τοῦ
1143 1707 1304 1793 δημιουργοῦ
1322 1707 1405 1760 διαλε-

385 1779 488 1843 χθῆναι.
507 1778 549 1827 καὶ
563 1795 633 1827 ουτοι
646 1775 704 1827 δε
689 1793 740 1827 uno
754 1794 851 1842 μερους
863 1775 1051 1862 λαμβανουοιιι
1070 1773 1161 1843 ἐπειδη
1172 1776 1203 1827 ἐι
1215 1795 1250 1826 τω
1239 1774 1352 1844 μύθῳ,
1369 1775 1405 1831 nis

387 1845 479 1909 ἔχομειι
491 1846 598 1906 μαδςῖυ,
618 1845 764 1932 μὲμγιγιαι
753 1851 797 1894 τοῦ
811 1842 1012 1930 δημιουργοῦ.’
996 1842 1098 1898 αιόιιιος
1112 1844 1141 1895 δὲ
1144 1845 1192 1928 nul
1205 1828 1276 1895 οιλιοι
1288 1829 1331 1895 καλ
1344 1846 1403 1912 ἐξῃ-

309 1964 311 1968 ,
388 1911 514 1978 ρημέιοις.
534 1929 622 1975 φαμεν
633 1916 730 1972 τοιιιυιι
750 1910 786 1963 ὅτι
803 1909 902 1997 pronde
915 1910 985 1980 αὖτῳ
974 1913 1058 1977 περὶ
1072 1931 1123 1963 τιοιι
1135 1931 1224 1977 αρχιοιι
1235 1867 1404 1980 διαλεχθηιιαι

386 1985 438 2030 τῶι
462 1985 604 2044 φερουσῶν
628 1977 693 2047 ἡμᾶς
718 1979 760 2029 ἐπὶ
784 1978 831 2046 ιὴιι
853 1965 980 2047 πολιτικὴν
1001 1978 1179 2041 εὐδαιμονίαι
1225 1983 1300 2033 Haec
1322 1983 1404 2049 igitur

385 2048 594 2113 Olympiodorus.
631 2049 704 2128 Quae
722 2050 767 2113 qui
784 2049 827 2098 vel
851 2048 943 2099 leviter
965 2050 1180 2111 consideraverit,
1202 2050 1226 2098 is
1248 2050 1327 2100 facile
1351 2049 1403 2101 sibi

384 2115 565 2181 persuadebit,
583 2117 686 2166 etiamsi
703 2115 859 2167 secundaria
878 2118 990 2198 Gorgiae
1006 2117 1155 2182 inscriptio,
1178 2115 1248 2166 haud
1270 2116 1350 2168 dubie
1367 2117 1401 2168 ab

385 2186 499 2250 antiquis
517 2185 615 2236 criticis
624 2185 748 2249 profecta,
765 2201 823 2235 raro
842 2186 986 2250 exemplo
978 2203 1006 2235 ιιι
1019 2186 1094 2236 libris
1111 2201 1191 2234 mann
1208 2185 1310 2271 scriptis
1320 2187 1403 2236 omui-

385 2251 435 2302 bus
457 2268 511 2302 uua
534 2251 674 2316 eademqne
697 2252 799 2317 prodita
823 2258 862 2301 est
884 2253 962 2304 haec:
993 2249 1009 2319 ἢ
1031 2253 1092 2316 περὶ
1119 2250 1270 2318 ρητοριιῆς,
1294 2250 1404 2318 ἅιιαιρε-

384 2317 485 2381 τιιιιιιός,
502 2325 589 2370 tamen
607 2320 638 2369 de
655 2319 717 2369 libri
728 2325 880 2400 argumento
891 2323 1044 2385 neutiquam
1055 2322 1123 2372 inter
1139 2327 1239 2371 veteres
1251 2321 1403 2372 Platonicos

385 2389 552 2452 convenisse,
582 2389 627 2453 qui
649 2389 766 2454 potius
758 2405 787 2438 m
809 2388 999 2440 diversissimas
1021 2396 1107 2454 partes
1132 2389 1163 2439 de
1186 2389 1233 2440 illo
1257 2392 1405 2440 statuerint.

384 2457 439 2507 Nec
456 2473 517 2507 vero
534 2461 622 2507 recent
611 2456 721 2507 tionibus
744 2456 902 2522 temporibus
925 2458 1010 2508 minor
1033 2459 1083 2507 fuit
1104 2457 1185 2508 hac
1178 2474 1206 2506 m
1224 2472 1318 2508 caussa
1335 2458 1403 2508 iudi-

385 2525 482 2575 ciorum
500 2524 635 2575 dissensio.
664 2525 732 2575 Nam
748 2529 778 2573 nt
795 2525 898 2575 silentio
916 2525 1119 2576 transmittamus
1137 2541 1189 2586 eos,
1208 2525 1253 2589 qni
1270 2527 1402 2590 superiore

385 2598 468 2643 aetate
485 2592 527 2642 vel
545 2593 699 2643 rhetoricam
716 2593 866 2642 vitiositatis
889 2599 915 2642 et
932 2595 1104 2644 inhonestatis
1121 2593 1228 2657 coargui
1250 2593 1294 2643 vel
1311 2593 1404 2644 Socra·

384 2668 436 2710 tem
454 2666 483 2710 nt
500 2661 668 2710 fortissimum
691 2665 717 2709 et
738 2661 977 2711 constantissimum
999 2661 1114 2710 iustitiae
1139 2661 1274 2725 omnisque
1296 2661 1400 2712 virtutis

383 2727 524 2778 satellitem
558 2743 590 2777 ac
620 2733 756 2792 patronum
785 2728 932 2780 rhetoribus
961 2735 987 2779 et
1013 2729 1077 2778 viris
1101 2727 1224 2779 civilibus
1251 2744 1265 2778 e
1294 2731 1401 2794 regione

383 2797 447 2861 poni
463 2794 658 2857 iudicaverant,
680 2811 789 2859 qnorum
806 2797 941 2861 opiniones
959 2801 1029 2846 certe
1046 2796 1142 2846 dudum
1160 2797 1230 2846 iusta
1246 2795 1321 2846 lance
1339 2804 1402 2846 sunt

384 2862 556 2928 ponderatae,
580 2879 613 2912 ne
631 2862 671 2911 illi
688 2862 806 2926 quidem,
832 2864 876 2928 qui
892 2880 974 2929 nuper
992 2864 1094 2916 demum
1112 2863 1143 2914 de
1160 2863 1222 2914 libri
1240 2864 1358 2915 consiliis
1376 2870 1402 2915 et

384 2930 529 2981 rationibus
547 2929 669 2980 subtilius
686 2930 901 2995 disquisiverunt,
928 2933 959 2982 de
977 2948 1077 2982 summa
1098 2949 1126 2982 re
1143 2932 1289 2982 consentire
1313 2934 1402 2983 existi-

384 2998 473 3050 mandi
491 3004 559 3061 sunt,
576 2997 603 3047 id
614 2996 683 3062 quod
701 2998 898 3049 considerandis
909 2999 950 3061 iis,
968 3016 1035 3063 quae
1051 3002 1098 3050 Fr.
1116 2998 1402 3052 Schleiermache·

384 3083 448 3130 rus,
465 3066 647 3129 Furhstius,
666 3066 976 3131 loseph.Soeherus,
993 3068 1203 3132 Nic.Sybren
1221 3066 1401 3133 Sybrandi,

386 3135 456 3185 Car.
483 3136 532 3185 Fr
556 3135 776 3198 Romanius,
808 3134 878 3184 Car.
908 3136 1131 3199 Reinhartus,
1166 3137 1282 3187 Franc.
1308 3137 1401 3187 Suse-

384 3203 537 3266 mihlins,
554 3202 588 3252 Η.
606 3203 784 3253 Bonitzius
806 3209 996 3268 exposuerunt,
1021 3202 1094 3253 nullo
1112 3204 1165 3254 fere
1182 3204 1287 3270 negotio
1304 3203 1401 3255 intelli-

384 3286 440 3353 gas.
480 3272 547 3322 Nam
570 3270 902 3322 Schleiermacherus
932 3271 1043 3352 quidem,
1073 3287 1152 3336 quum
1174 3272 1293 3322 Platonis
1323 3286 1402 3338 opera

384 3340 505 3390 interiore
523 3339 635 3404 quodam
659 3335 867 3404 argumentorum
889 3340 996 3390 vinculo
1013 3340 1081 3389 inter
1098 3355 1126 3389 se
1144 3356 1212 3389 nexa
1235 3345 1262 3390 et
1278 3340 1402 3408 colligata

384 3413 516 3472 tamquam
528 3407 660 3458 doctrinae
672 3407 807 3486 quemdam
819 3406 908 3456 orbem
921 3408 1048 3458 conficere
1059 3405 1111 3458 sibi
1123 3408 1302 3472 persuasisset,
1321 3425 1401 3474 quum

383 3476 449 3526 ahos
459 3476 539 3526 libros
550 3476 746 3555 Platonis,tu1n
763 3475 842 3524 etiam
852 3474 974 3539 Gorgiam
992 3492 1044 3525 non
1062 3481 1162 3526 tautum
1179 3492 1262 3541 perse
1275 3492 1403 3541 seorsum,

385 3544 454 3593 sed
447 3544 573 3608 imprimis
591 3542 670 3591 etiam
686 3543 804 3591 iunctum
822 3548 848 3591 et
865 3544 1044 3593 consociatum
1056 3558 1115 3593 oum
1134 3543 1193 3593 aliis
1205 3544 1323 3594 Platonis
1341 3562 1401 3611 ope·

384 3611 456 3662 ribus
475 3609 642 3676 spectandum
659 3609 878 3674 iudicandumque
896 3611 1013 3669 censuit„
1038 3612 1128 3675 Itaque
1145 3610 1211 3662 haee
1229 3611 1282 3662 sere
1304 3611 1336 3662 de
1353 3613 1401 3664 illo

384 3679 506 3742 disputat
540 3678 655 3727 Primum
672 3677 774 3742 quidem
792 3677 943 3728 adversatur
959 3693 1049 3728 eorum
1065 3680 1173 3742 rationi,
1191 3680 1237 3744 qui
1254 3685 1299 3730 ant
1316 3680 1405 3731 rheto-'

384 3748 464 3797 ticam
482 3750 527 3796 aut
543 3745 628 3795 similo
650 3745 784 3810 quiddam,
809 3745 878 3810 qnod
900 3746 968 3795 nihil
990 3748 1041 3796 uisi
1064 3747 1181 3796 universi
1206 3747 1305 3813 dialogi
1321 3751 1400 3813 parti-

383 3815 470 3865 culam
487 3813 684 3878 complectatur,
703 3830 719 3863 a
736 3815 873 3865 Platone*
866 3831 894 3862 ιιι
911 3814 960 3864 hoc
978 3813 1082 3880 dialogo
1099 3816 1237 3880 praecipua
1254 3832 1348 3896 opera·
1349 3823 1400 3867 tra·

383 3888 480 3933 etatum
498 3897 554 3932 osse
571 3881 646 3930 diotit
636 3882 754 3932 taveriut.
796 3881 878 3931 Cuius
895 3883 1037 3932 sententiae
1055 3898 1118 3932 suae
1136 3899 1254 3933 caussam
1271 3885 1400 3949 imprimis

383 3951 451 4001 hanc
469 3956 659 4011 commemorat,
677 3949 755 4014 qnod,
772 3948 889 3999 ubitam
907 3950 989 4000 multa
1005 3955 1082 4015 atque
1099 3951 1234 4015 praeclara
1255 3951 1287 4002 de
1304 3959 1400 4003 natura
1424 3972 1427 3976 ·

382 4019 523 4083 voluptatis
541 3985 672 4082 disputaia
688 4018 856 4082 reperiantur,
872 4016 911 4065 ibi
927 4017 984 4068 fieri
1001 4019 1154 4083 nonpossit,
1167 4021 1235 4083 quin
1251 4019 1322 4070 hoe
1313 4036 1400 4086 rpsnm

383 4104 416 4136 ex
437 4092 523 4136 mente
545 4085 663 4136 Platonis
687 4085 794 4135 maximi
817 4087 940 4135 momenti
967 4092 1146 4149 argumentum
1176 4103 1233 4137 esse
1256 4089 1401 4139 existimari

383 4155 481 4205 debeat
505 4152 607 4216 Quibus
624 4154 661 4203 ita
678 4153 824 4203 constitutis
841 4169 917 4218 porro
936 4155 1060 4219 Gorgiam
1076 4154 1167 4205 docere
1185 4161 1292 4205 conatur
1309 4172 1397 4206 eorum

383 4223 500 4273 Platonis
517 4222 642 4273 librorum
664 4226 796 4287 tamqnam
821 4236 914 4286 agmen
932 4221 1041 4284 ducere,
1069 4224 1114 4287 qui
1131 4222 1274 4273 secundum
1293 4223 1398 4274 illorum

383 4290 499 4342 ordinem
515 4290 558 4340 vel
577 4289 684 4340 classem
702 4289 842 4339 conficiant
860 4291 955 4354 quique
972 4290 1058 4340 locum
1079 4290 1191 4341 medinm
1208 4296 1315 4341 teneant
1331 4292 1399 4341 inter

384 4373 414 4408 ea
432 4360 540 4423 scripta,
564 4359 658 4422 quibus
676 4358 809 4409 tradantur
832 4357 1012 4423 philosophiae
1029 4359 1104 4409 initia
1127 4365 1153 4409 et
1170 4359 1245 4423 quasi
1262 4359 1399 4423 elementa,

384 4431 460 4492 atque
478 4427 533 4490 illa,
550 4427 577 4476 in
596 4427 688 4490 quibus
707 4427 788 4491 ipsius
806 4426 984 4491 philosophiae
998 4433 1147 4478 exstruatur
1161 4428 1307 4480 aedificium
1322 4435 1399 4494 atque
