3242 5259
521 591 577 648 nn
598 589 782 653 cererin
803 567 1007 655 rnlroius.
1236 606 1272 662 71

249 757 331 815 latae
353 756 429 817 vitia
449 777 503 817 nec
524 758 595 818 artis
617 759 709 818 civilis
731 761 792 820 sive
814 762 949 838 politicae
968 784 1033 822 curn
1056 788 1091 824 ca
1104 770 1273 830 coniunctae

248 842 360 899 damna
380 840 440 899 iam
459 842 503 900 ita
524 849 714 917 emerserant,
744 851 778 905 ut
799 866 833 904 eo
855 850 939 905 modo
960 851 1055 907 taxari
1076 857 1106 911 ct
1126 855 1270 928 exagitari

250 925 419 1001 potuerint,
449 946 506 1004 quo
528 927 559 985 in
580 929 634 987 hoc
662 949 747 1005 opere
775 931 839 989 fieri
869 933 1060 993 meminimus.
1102 938 1179 994 Nam
1201 941 1270 998 arti·

250 1010 356 1069 fieialis
379 1011 497 1088 quidem
517 1012 684 1090 eloquentia
705 1034 795 1092 quum
817 1017 854 1074 ab
875 1016 939 1092 ipse
960 1018 1067 1092 Gorgia
1087 1021 1217 1098 principe
1237 1024 1269 1082 in

249 1095 428 1154 Graecorum
449 1095 585 1155 notitiam
606 1099 730 1157 adducta
751 1100 798 1171 sit,
820 1103 1052 1180 quotusquisque
1074 1113 1119 1164 est
1140 1107 1190 1183 qui
1212 1108 1267 1166 sibi

249 1181 427 1256 persuadeat
462 1199 526 1239 eam
556 1182 614 1240 iam
642 1181 691 1240 illo
713 1183 775 1258 ipso
803 1189 948 1261 tempore,
978 1208 1035 1265 quo
1064 1188 1113 1246 ille
1141 1192 1267 1265 primum

249 1265 387 1325 Athenas
415 1265 610 1340 pervenisset,
646 1267 786 1326 eiusmodi
821 1289 959 1328 censurae
994 1273 1096 1331 subiici
1130 1277 1267 1350 potuisse,

251 1351 371 1427 qualem
392 1349 424 1407 in
445 1350 552 1424 Gorgia
573 1357 694 1428 experta
721 1352 784 1412 est?
813 1355 969 1415 Enimvero
997 1357 1027 1414 id
1049 1364 1125 1416 certe
1146 1365 1227 1435 patet
1249 1381 1267 1418 a

248 1435 373 1494 Platone
387 1453 445 1492 non
459 1435 589 1511 potuisse
608 1436 664 1495 nisi
677 1444 861 1513 praepostero
875 1440 980 1499 iudicio
994 1441 1037 1500 ita
1049 1442 1172 1516 institui,
1194 1465 1265 1523 qua-

248 1520 309 1577 lem
329 1519 449 1597 quidem
468 1519 568 1578 iudicii
588 1523 808 1596 perversitatem
829 1545 941 1582 summo
962 1526 1141 1601 dialogorum
1162 1530 1266 1588 artifici

247 1623 334 1662 nemo
349 1609 458 1664 temere
474 1604 587 1665 crimini
608 1607 697 1667 dabit.
719 1607 880 1683 Disciplina
895 1630 964 1669 vcro
978 1610 1071 1670 civilis
1087 1613 1134 1671 vel
1156 1633 1201 1671 ars
1215 1635 1265 1690 po·

246 1689 337 1761 litica,
360 1708 515 1767 quaecum
533 1690 585 1748 illa
598 1691 760 1750 consociata
773 1693 831 1751 fuit
846 1699 875 1752 ct
889 1694 920 1751 in
935 1695 1042 1769 Gorgia
1055 1716 1114 1755 una
1128 1717 1194 1755 cum
1214 1699 1266 1758 illa

246 1767 448 1845 examinatur,¹
461 1775 589 1850 profecto
604 1795 663 1833 non
678 1775 735 1834 alia
747 1777 929 1852 intelligitur,
944 1799 1032 1856 quam
1047 1800 1121 1857 quae
1135 1783 1265 1842 doctrina

247 1859 447 1934 sophistarum
466 1858 562 1918 labem
583 1866 763 1936 susceperat:
785 1861 815 1919 id
830 1865 907 1940 quod
923 1865 1078 1922 clarissime
1092 1868 1265 1943 perspicitur

246 1964 285 2002 ex
300 1943 345 2016 iis,
367 1963 443 2022 quae
463 1944 564 2002 aPolo
584 1944 782 2023 imprimisque
804 1948 952 2006 aCallicle
974 1950 1167 2024 disputantur,
1189 1971 1264 2029 quae

246 2047 384 2103 magnam
397 2032 510 2104 partem
523 2029 689 2104 planissime
704 2050 769 2088 cum
782 2030 819 2089 iis
832 2033 1023 2105 consentiunt,
1038 2055 1112 2112 quae
1127 2037 1162 2092 dc
1176 2037 1264 2110 posti-

244 2113 316 2172 feris
330 2113 504 2189 sophisticae
520 2113 687 2190 disciplinae
701 2115 815 2190 placitis
827 2118 960 2191 exposita
973 2119 1095 2192 legimus
1108 2120 1152 2177 Dc
1166 2121 1263 2196 Repu-

245 2198 323 2257 blica
335 2197 414 2256 Libr.
430 2199 454 2256 I.
468 2219 496 2274 p.
506 2203 574 2256 338.
591 2199 621 2257 O.
630 2219 707 2277 seqq.
722 2201 763 2257 H.
780 2202 888 2259 3580.
896 2223 974 2280 seqq.
990 2204 1077 2278 Legg.
1094 2205 1133 2262 X.
1149 2225 1176 2278 p.
1193 2210 1261 2263 888.

246 2284 281 2341 E.
311 2303 392 2361 seqq.
421 2284 569 2357 Protagor.
603 2304 631 2358 p.
662 2289 731 2342 323.
761 2304 840 2363 seqq.
872 2292 940 2344 329.
969 2289 1005 2345 D.
1036 2308 1114 2366 scqq.
1143 2290 1261 2348 Theaet.

246 2388 273 2443 p.
300 2369 368 2426 172.
391 2368 427 2425 D.
449 2387 528 2445 seqq.
572 2366 650 2429 Quid
671 2368 759 2428 vero?
787 2390 883 2429 nonne
904 2371 972 2429 inde
994 2393 1011 2429 a
1031 2373 1101 2429 belli
1120 2374 1260 2448 Pelopon-

245 2451 356 2510 nesiaci
377 2451 470 2511 initiis
490 2454 606 2510 demum
626 2453 668 2511 ita
688 2454 797 2512 factum
819 2475 881 2513 esse
903 2461 1030 2526 constat,
1058 2461 1092 2514 ut
1113 2457 1260 2531 opiniones

244 2537 313 2595 illae
334 2536 424 2596 latius
445 2537 702 2596 disseminarentur
730 2543 818 2616 atque
847 2560 905 2596 non
925 2542 1008 2597 modo
1037 2541 1135 2597 domos
1161 2548 1191 2598 ot
1218 2543 1261 2598 fa·

245 2621 350 2693 milias,
366 2623 418 2680 sed
432 2621 520 2680 etiarn
534 2641 633 2680 omnes
648 2622 823 2697 reipublicae
837 2629 934 2698 partes
948 2626 1148 2699 pervaderent,
1169 2645 1261 2703 usquc

245 2708 316 2765 dum
338 2707 427 2766 etiam
448 2705 629 2782 disciplinam
649 2707 794 2782 publicam
822 2714 910 2784 atque
931 2708 1058 2768 civitatis
1081 2710 1261 2768 administra-

244 2792 355 2850 tionem
377 2793 569 2866 depravarent
590 2796 620 2850 et
640 2793 873 2867 corrumperent?
895 2793 1050 2851 Enimvero
1070 2799 1134 2851 tum
1147 2801 1262 2870 practer

245 2877 383 2951 Gorgiam
396 2876 503 2952 prodiit
517 2876 605 2935 etiam
620 2878 791 2952 Protagoras
806 2877 968 2950 Abderites,
989 2878 1032 2935 illi
1046 2879 1107 2936 fere
1122 2880 1259 2956 aequalis,

244 2965 307 3020 tum
328 2961 483 3033 Prodicus,
512 2967 577 3020 tum
598 2960 736 3037 Hippias,
767 2967 830 3022 tum
851 2963 1084 3039 Thrasymachus
1106 2963 1261 3021 Ghalccdo·

244 3047 319 3118 nius,
341 3051 406 3105 tum
428 3046 478 3104 alii
498 3045 615 3122 plurimi
636 3046 815 3121 prodierunt,
837 3066 960 3124 quorum
980 3053 1014 3106 ut
1035 3047 1157 3125 quisquo
1178 3069 1260 3106 suam

175 3125 178 3129 ’
243 3132 391 3209 quandam
405 3134 499 3190 artem
511 3150 544 3190 ac
558 3131 718 3201 doctrinam
731 3133 877 3206 professus
898 3137 950 3203 est,
972 3132 1015 3191 ita
1027 3133 1260 3209 Thrasymachus

242 3215 385 3292 imprimis
406 3215 435 3273 id
458 3215 526 3288 egit,
548 3203 583 3274 ut
596 3215 707 3274 iustum
721 3235 783 3274 esse
800 3218 994 3288 contenderet,
1017 3219 1093 3294 quod
1109 3218 1259 3292 expediret

242 3299 415 3376 potentiori,
447 3319 534 3376 quam
562 3300 736 3359 sententiam
765 3301 853 3358 ctiam
874 3301 977 3358 Polum
1006 3308 1035 3359 ct
1055 3301 1201 3359 Calliclem
1229 3302 1258 3358 in

244 3386 351 3460 Gorgia
371 3385 526 3442 defendere
546 3385 744 3457 meminimus;
767 3389 831 3444 tum
844 3387 969 3463 denique
984 3385 1072 3442 etiam
1086 3385 1142 3443 viri
1158 3386 1258 3444 civiles

243 3471 430 3540 exstiterunt,
452 3469 483 3526 in
505 3469 626 3546 quibus,
657 3469 727 3547 quid
746 3470 858 3529 novitia
879 3471 936 3529 ista
957 3469 1101 3544 sapientia
1121 3469 1152 3525 in
1173 3489 1257 3544 repu-

243 3555 317 3613 blica
337 3553 459 3625 valcret,
481 3553 657 3612 luculentius
679 3555 827 3630 apparuit,
856 3575 893 3612 ex
921 3575 1043 3632 quorum
1063 3573 1183 3612 numero
1205 3555 1257 3611 irn-

243 3639 342 3714 primis
373 3637 539 3697 Alcibiades
576 3645 606 3698 et
633 3639 738 3697 Gritias
773 3640 950 3697 memorandi
984 3645 1068 3710 sunt,
1105 3659 1158 3714 per
1186 3659 1258 3717 quos

243 3723 364 3782 sanioris
393 3722 590 3800 philosophiae
619 3724 728 3781 auctori
756 3717 845 3801 atque
880 3725 994 3799 parenti
1021 3724 1179 3799 plurimum
1215 3725 1259 3781 in-

243 3809 338 3868 vidiae
368 3813 456 3885 atque
486 3808 543 3865 odii
572 3809 730 3867 conflatum
757 3828 819 3866 esse
848 3809 991 3868 novimus.
1041 3809 1197 3867 Enimvero
1226 3814 1260 3867 ut

243 3893 341 3969 paucis
357 3893 495 3964 dicamus,
518 3895 594 3970 quod
606 3913 652 3951 res
669 3899 722 3964 est,
745 3900 942 3968 pervenerunt
955 3894 1070 3951 omnino
1086 3893 1260 3968 sophisticae

244 3979 313 4038 artis
336 3997 370 4034 ac
391 3976 559 4052 disciplinae
580 3979 692 4036 fructus
713 3983 796 4036 tanto
818 3979 910 4053 magis
938 3980 969 4036 in
991 3979 1085 4036 lucem
1106 3978 1258 4053 publicam,

244 4083 298 4140 quo
320 4061 439 4137 longius
460 4063 569 4121 bellum
590 4063 663 4121 illud
684 4063 855 4138 pestiferum
877 4068 922 4122 ost
942 4068 1134 4139 protractum,
1163 4063 1260 4121 itaut

245 4169 276 4206 eo
296 4150 359 4206 fere
382 4149 418 4206 ad
441 4147 552 4206 exitum
573 4155 712 4222 vergente
741 4149 949 4208 evidentissimi
979 4153 1067 4225 atque
1089 4148 1259 4206 luculentis-

246 4233 307 4291 simi
345 4232 493 4292 exstitisse
521 4233 683 4294 vidcantur.
733 4236 832 4311 Atque
868 4254 907 4290 ex
934 4233 981 4289 his
1017 4232 1150 4289 omnibus
1179 4233 1260 4290 nullo

246 4318 375 4393 negotio,
405 4317 520 4394 opinor,
550 4318 730 4391 intelligetur
757 4338 825 4378 vere
848 4338 900 4375 nos
928 4319 1101 4374 contendere
1130 4321 1160 4374 et
1182 4337 1259 4377 asse-

247 4423 346 4464 verare
376 4403 466 4462 etiam
493 4422 607 4463 omnem
635 4404 861 4479 disputationem
889 4403 920 4460 in
942 4401 1049 4476 Gorgia
1070 4401 1209 4478 agitatam
1231 4404 1263 4462 in
