3242 5259
543 558 743 659 'uorans
766 599 800 660 r.
822 602 894 659 ιιι.
915 601 961 660 ιι.
983 601 1026 661 οι.

1236 606 1296 661 225

279 761 323 835 ὡς
355 754 398 824 ού
428 759 531 826 ταύτὰ
560 762 602 824 ού
629 765 657 825 τ’
686 758 766 844 ἐμοῦ
785 767 973 846 κατηγορεῖς
992 761 1047 828 καὶ
1068 761 1130 845 ἐγὼ
1153 767 1225 840 σούς
1254 763 1296 826 σὺ

279 853 1298 944 phmspmmffimwmmmfimmww

279 954 313 1019 di
336 959 398 1019 σοῦ
421 949 624 1034 τούνοιντίον,
655 957 703 1021 ὅτι
726 951 879 1022 οὐδέποτε
900 955 1000 1022 ταύτὰ
1021 957 1122 1041 λέγεις
1141 959 1299 1040 περὶτῶν

282 1050 405 1129 αὐτῶν,
436 1055 516 1117 ἀλλὰ
545 1054 615 1118 τοτὲ
646 1054 704 1136 μὲν
732 1055 808 1131 τοὺς
837 1057 982 1137 βελτίους
1009 1079 1042 1120 τε
1062 1057 1115 1121 καὶ
1135 1058 1299 1139 κρείττους
1323 1055 1351 1122 O

280 1151 358 1226 τοὺς
374 1149 600 1233 ἰσχυροτέρους
614 1153 739 1233 ὡρίζου,
762 1148 860 1228 αὖθις
875 1153 909 1217 δὲ
930 1153 1007 1229 τοὺς
1028 1151 1297 1237 φρονιμωτέρους,

280 1259 345 1312 νῦν
370 1242 401 1312 d'
425 1243 467 1341 οὗ
487 1248 596 1330 ἕτερον
616 1274 646 1313 τι
667 1251 751 1333 ἥκεις
771 1248 869 1334 ἔχων·
897 1251 1112 1334 οίνδρειύτεροί
1132 1273 1215 1327 τινες
1234 1253 1298 1316 ouo

282 1351 344 1411 σοῦ
361 1347 508 1430 λέγονται
523 1348 555 1412 οἱ
568 1349 732 1430 κρείττους
751 1349 805 1412 καὶ
826 1349 859 1413 οἱ
878 1349 1031 1428 βελτίους.
1053 1347 1128 1427 ἀλλ’,
1150 1339 1298 1432 οἷ’γοιθέ,

281 1445 382 1509 εἰπὼν
409 1445 627 1528 οίποιλλοίγρθι,
656 1446 745 1521 τίνος
771 1445 848 1510 ποτὲ
876 1443 977 1527 ’λέγεις
1005 1446 1082 1521 τοὺς
1102 1449 1246 1528 βελτίους
1265 1469 1298 1511 τε

279 1542 335 1606 καὶ
350 1545 515 1626 κρείττους
530 1542 583 1607 καὶ
600 1545 644 1619 είς
661 1540 680 1607 ὅ
695 1569 732 1608 τι.
776 1546 881 1607 ΚΑΛ.
900 1537 990 1606 Ἀλλ’
1014 1544 1125 1627 ε’ίρηκοί
1145 1566 1180 1627 γε
1201 1542 1299 1626 ἔγωγε

280 1640 1298 1724 Μῳωωώώψώωωψψωω

281 1739 418 1816 δρείους.
445 1739 582 1814 τούτους
608 1739 670 1821 γὰρ
690 1741 842 1821 προςήκει
866 1743 931 1802 τῶν
951 1742 1077 1805 πόλεων
1097 1744 1214 1823 ἄρχειν,
1246 1742 1299 1805 uoci
1321 1733 1353 1796 D

280 1831 318 1899 τὸ
346 1836 474 1900 δίκαιον
499 1829 583 1900 τοῦτ’
611 1834 691 1914 ἔστι,
722 1835 821 1901 πλέον
842 1828 923 1919 ἔχειν
943 1837 1080 1911 τούτους
1100 1843 1165 1901 τῶν
1185 1843 1299 1914 ἄλλων,

280 1933 357 2008 τοὺς
385 1937 543 2016 ἄρχοντας
569 1937 635 1998 τῶν
666 1931 861 2017 ἀρχομένων.
905 1937 976 1998 ΣΩ.
1021 1935 1059 1997 Τί
1080 1933 1115 1999 δὲ
1136 1924 1300 2015 οιύτών,ύ

333 2151 362 2201 C.
399 2148 540 2204 τούτους
559 2147 625 2268 grip
650 2149 824 2218 προςήκει]
854 2153 898 2203 Sio
917 2153 1003 2203 Clark.
1022 2154 1081 2202 Vat
1101 2154 1165 2202 Ven.
1184 2154 1213 2204 Ξ.
1241 2153 1301 2202 Par.

282 2220 397 2269 BFlW.
422 2219 500 2269 vind.
518 2218 541 2268 l.

285 2287 435 2352 Stephanus
454 2282 553 2338 τούτοις
571 2285 647 2336 dedit.

607 2219 677 2272 Flor.
696 2236 718 2270 a.
737 2215 760 2268 οξ
776 2220 800 2269 d.
819 2237 852 2269 m.
871 2238 894 2271 o.
913 2237 971 2270 eum
989 2220 1048 2270 Alo.
1068 2222 1121 2271 Bas
1148 2219 1171 2269 1.
1189 2219 1214 2272 2.
1249 2220 1299 2270 Sed

332 2356 366 2404 D.
407 2353 494 2405 Τίδὲ
511 2350 632 2413 adrev,
657 2345 839 2421 ὧὲτοῑρε;]
859 2356 889 2408 V.
913 2356 945 2406 Τι’
961 2353 990 2406 δὲ
1008 2350 1105 2413 αὐτῶν,
1124 2345 1146 2404 oi
1164 2351 1299 2420 diripui}

282 2419 443 2486 τίᾶρχονταο
457 2418 472 2487 ἢ
485 2417 661 2486 depastione&
681 2423 768 2474 ΚΑΛ.
788 2421 850 2476 llois
868 2422 963 2488 λόγους
982 2422 1069 2472 Locus
1077 2437 1201 2487 perquam
1219 2424 1299 2486 impe-

281 2489 351 2540 ditus
371 2506 401 2540 ae
419 2489 541 2540 difficilis.
577 2491 626 2541 Pro
649 2486 737 2540 αὐτῶν
755 2489 843 2540 Clark.
868 2496 893 2540 et
911 2490 969 2540 Vat.
993 2486 1087 2541 αὐτῶν,
1123 2491 1191 2540 Dein
1211 2489 1298 2539 Clark.

280 2558 378 2620 ἑταῖρε,
397 2554 413 2623 ἢ
432 2560 457 2607 τί
471 2553 647 2621 ιίρχομὲνοτιτ;
672 2558 716 2608 sed
735 2557 821 2608 verbis
846 2555 971 2622 ἄρχοντος
989 2555 1006 2624 ἢ
1022 2559 1049 2607 iu
1067 2574 1147 2624 marg.
1164 2574 1181 2608 a
1197 2574 1230 2607 m.
1248 2573 1299 2608 reo.

280 2761 385 2825 qualem
399 2759 522 2811 Callicles
538 2760 566 2809 in
584 2760 634 2810 hae
651 2760 766 2810 oratione

280 2834 397 2878 sectatur
425 2829 530 2892 passim.
565 2828 671 2876 Poterat
696 2829 765 2877 enim

281 2898 311 2945 οἴ
324 2895 396 2945 εἰσιν
419 2896 509 2945 omitti.
545 2896 638 2946 Latine
657 2895 765 2945 dixeris:

280 2966 324 3012 Ao
353 2964 492 3027 primurn
522 2963 652 3027 quidem
679 2978 765 3027 prae·

280 3031 472 3081 stantiores
490 3030 586 3092 illos,
603 3029 766 3080 videlieet

280 3098 418 3162 quinam
437 3099 517 3161 sint,
540 3114 602 3147 non
626 3097 700 3148 dieo
719 3113 766 3147 su-

279 3175 375 3216 tores
394 3172 450 3215 aut
467 3171 651 3230 eoquosote.
671 3165 767 3214 Ilein-

279 3234 360 3283 ‹lorf
365 3234 417 3282 ius
441 3235 522 3284 verba
543 3233 612 3283 diota
629 3238 704 3298 putat
719 3249 765 3297 pro

280 3298 392 3353 τούτους
409 3301 438 3350 oi*
453 3304 586 3365 κρείττους
604 3299 670 3360 ειόί,
693 3300 766 3350 dubi-

280 3378 340 3419 tans
354 3370 449 3430 temen,
468 3385 502 3419 an
514 3370 598 3434 potior
611 3370 644 3418 sit
657 3369 765 3418 Ficini

278 3438 348 3486 ratio
377 3435 443 3486 haee
474 3441 512 3486 lta
543 3436 682 3486 vertentis:
716 3437 766 3485 At-

279 3521 342 3570 que
368 3519 427 3569 ego
451 3504 517 3554 iam
542 3503 661 3553 dudum
686 3503 766 3566 dieo,

279 3572 527 3637 primoquidem
543 3571 766 3637 quipotiores

279 3642 358 3690 sint.
389 3640 458 3690 Non
478 3640 587 3705 (enim)
608 3639 766 3690 cerdones

279 3708 356 3757 dieo
377 3712 426 3756 ete.

315 3775 379 3840 Cap.
398 3775 492 3824 XLVI.
532 3775 562 3824 B.
603 3763 766 3836 ‘00on

280 3842 307 3906 β.
324 3841 369 3958 ἶ]
388 3842 454 3892 Vide
473 3848 560 3893 annot.
579 3841 611 3891 ad
629 3858 653 3907 p.
666 3825 723 3891 llo.
736 3841 765 3888 ll.

280 3910 342 3959 Ad·
363 3908 400 3975 γὼ
425 3909 455 3960 δὲ
479 3915 528 3959 οοῦ
551 3904 707 3959 τούναντίον
729 3909 767 3956 in·

281 3977 454 4042 telligendum
485 3978 609 4027 remotius
633 3976 699 4026 illud
722 3993 766 4024 κα·

281 4050 394 4112 myope),
412 4060 462 4095 neo
474 4043 636 4110 probandum
654 4043 722 4124 quod
739 4043 766 4091 in

279 4113 384 4196 alipuot
408 4112 483 4163 codd.
504 4112 600 4178 legitur
617 4109 669 4177 ἐγω
689 4109 719 4160 δὲ
738 4109 768 4159 οὲ

281 4197 352 4229 τουυ.

314 4247 345 4297 (λ.
369 4245 486 4311 ἕτερόν
511 4264 537 4295 τι
556 4243 650 4312 ἥκεις
668 4243 764 4310 ἔχων]

279 4315 313 4365 H.
338 4330 360 4364 e.
384 4310 477 4377 ἕτερόν
501 4331 522 4362 τι
546 4313 617 4431 Ῡοιι.
653 4312 724 4362 luira
741 4328 765 4378 p.

278 4381 338 4434 518.
351 4383 390 4434 A:
410 4379 480 4448 ἣκετε
500 4380 530 4431 dd
563 4383 636 4448 λύγον
653 4377 768 4444 ύοτορου

304 4484 359 4524 unt.
373 4483 429 4533 opp.
444 4483 492 4524 vor.
506 4483 535 4524 ra
548 4481 604 4523 seor
618 4482 636 4525 1.

819 2757 902 2824 λέγων
920 2777 942 2808 κ.
962 2777 979 2808 τ.
999 2761 1018 2808 λ.
1054 2761 1163 2809 Prorsus
1185 2759 1218 2809 ad
1239 2776 1301 2810 eun·

818 2827 875 2876 dem
892 2826 996 2876 modum
1014 2832 1156 2878 nostrates:
1174 2827 1229 2878 ιιικί
1239 2828 1302 2892 jerat

818 2894 923 2944 Ῑιουτνττι
934 2894 971 2946 du
987 2895 1038 2944 mir
1054 2895 1147 2946 wieder
1163 2896 1209 2944 mit
1225 2905 1301 2945 etwas

818 2962 955 3013 Auderem.
989 2962 1091 3012 Deinde
1114 2979 1221 3029 pergere
1246 2969 1301 3027 pot·

819 3037 886 3079 erat:
903 3027 1084 3093 ἀνδρειότεροι
1100 3029 1151 3096 γάρ
1170 3047 1236 3081 τινος
1248 3026 1301 3080 riri

821 3103 869 3147 οοῦ
881 3096 1003 3163 λέγονται.
1039 3098 1089 3148 Sed
1106 3096 1156 3163 γάρ
1176 3100 1300 3148 omissum

818 3172 858 3215 est
869 3181 902 3215 ex
913 3165 960 3214 illa
972 3164 1094 3230 loquendi
1106 3165 1301 3227 consuetudine,

818 3233 850 3283 de
874 3248 925 3297 qua
948 3248 972 3282 v.
992 3233 1074 3282 India.
1097 3233 1130 3282 ad
1149 3235 1179 3286 Τ.
1199 3236 1218 3283 l.
1236 3249 1257 3283 s.
1274 3249 1299 3282 v.

818 3296 1300 3365 Asyndeton.-elud›rd7ral·

818 3366 966 3434 λοίγηθι,
1001 3366 1145 3417 tandem
1181 3367 1299 3417 dicas:

818 3436 914 3499 morke,
933 3435 993 3486 dora
1004 3435 1040 3486 ιλιι
1051 3451 1077 3485 ea
1090 3433 1190 3484 endliolt
1207 3435 1303 3484 οἱκιιτοί

819 3521 831 3553 8
865 3513 893 3552 δί.

832 3520 885 3620 al).
939 3569 1024 3619 τοῦτ’
1066 3569 1153 3629 ἔστι,
1201 3568 1301 3618 πλέον

820 3639 833 3687 ἒ
838 3655 908 3701 χειν
925 3636 976 3700 -]
1004 3637 1226 3687 Constructionem
1244 3637 1302 3686 atti-

818 3707 903 3771 gimus
921 3703 954 3753 ad
971 3720 996 3769 p.
1014 3702 1072 3755 469.
1091 3705 1120 3756 C.
1143 3704 1301 3754 Heindor-

819 3774 832 3822 f
835 3774 898 3821 ium
913 3773 1014 3822 miraris
1026 3773 1168 3822 coniecisse
1182 3769 1208 3821 τὸ
1223 3771 1301 3821 πλέον

819 3841 834 3889 ἔ
846 3857 893 3889 τιν.

831 3859 894 3958 χΤί
916 3907 951 3958 δὲ
979 3903 1102 3965 αὐτῶν,
1125 3897 1146 3955 ὦ
1170 3905 1209 3955 dt.
1235 3903 1299 3970 -‚·]

820 3974 1095 4040 Olympiodorus:
1120 3968 1300 4032 Τι’δὲαύιῶυ,

819 4033 841 4092 ai
859 4042 959 4104 ἑταῖρε;
986 4040 1076 4106 ἐπειδὴ
1093 4037 1203 4101 deuouit
1221 4057 1301 4104 προε-

819 4107 942 4174 βάλλοντο
976 4109 1018 4158 καί
1050 4105 1240 4172 ἆδιορθρύτοις
1273 4105 1301 4157 τὰ

819 4174 942 4236 ὀνόματα,
960 4177 1002 4225 καί
1019 4175 1046 4225 οί
1058 4172 1107 4224 δύο
1125 4175 1215 4241 ἔλεγον
1234 4174 1301 4238 φρό-

821 4261 897 4304 νιμον
920 4244 962 4292 καί
986 4238 1115 4306 ἀνδρεῖον
1122 4278 1130 4300 ,
1155 4243 1198 4292 καί
1217 4241 1254 4292 ὄτι
1274 4239 1301 4292 τὸ

820 4310 899 4361 πλέον
925 4311 1030 4375 ἔχουσιν
1058 4309 1086 4360 οί
1110 4308 1234 4372 φρόνιμοι
1258 4311 1302 4360 καί

819 4374 951 4443 ἀνδρεῖοι,
973 4377 1016 4428 κοί
1039 4374 1120 4429 ἄλλως
1143 4374 1223 4438 aiod
1243 4378 1302 4428 Συ-

1067 4477 1100 4539 li)
