3242 5259
373 594 442 647 322‘
788 590 985 650 PLATONIS

373 753 517 817 δοκεῖτὸ
538 757 669 835 σημεῖον
690 746 797 828 εἶναι.
820 754 847 815 εἰ
868 746 903 815 εὖ
925 752 1061 835 ποιήσας
1081 753 1204 834 ταύτην
1223 751 1285 835 τὴν
1305 755 1391 834 εὐερ-

373 851 483 931 γεσίαν
504 851 571 914 ἀντ’
594 844 629 913 εὖ
649 849 805 913 πείσεται·
826 851 854 912 εἰ
875 850 908 913 δὲ
929 851 983 932 μή,
1006 853 1055 913 οὔ.
1077 846 1142 913 ἔστι
1162 861 1268 915 ταῦτα
1289 851 1395 927 οὕτως

288 941 349 1006 521
374 945 503 1029 ἔχοντας
526 951 627 1012 ΚΑΛ.
641 942 767 1011 Ἔστιν,
796 950 872 1011 >jou
889 945 969 1011 Ἐπὶ
990 945 1130 1027 ποτέραν
1150 942 1213 1012 οὖν
1233 971 1273 1031 με
1294 972 1394 1031 παρα-

373 1050 478 1120 καλεῖς
508 1044 568 1129 εὴν
589 1047 765 1125 θεραπείαν
792 1055 849 1127 τῆς
878 1049 1016 1121 πόλεως
1047 1046 1191 1128 διόριοόν
1218 1070 1291 1129 μοι·
1336 1048 1396 1130 τὴν

374 1155 432 1208 τοῦ
453 1144 662 1227 διαμάχεσθαι
679 1136 885 1224 Ἀθηναίοις,
907 1143 994 1217 ὅπως
1015 1144 1058 1218 ὡς
1079 1141 1236 1223 βέλτιστοι
1257 1146 1394 1218 ἔσονται,

374 1241 417 1315 ὡς
439 1243 568 1323 ἰατρόν,
596 1241 616 1323 ἢ
647 1241 689 1314 ὡς
718 1240 954 1323 διακονήσονια
981 1241 1035 1305 καὶ
1064 1242 1144 1322 πρὸς
1172 1242 1267 1323 χάριν
1288 1243 1394 1327 ὁμιλή-

374 1352 490 1413 concon
529 1338 661 1421 Τοέληθῆ
688 1363 744 1420 μοι
766 1338 850 1416 εἰπέ,
882 1340 1085 1413 Καλλίκλεις·
1116 1339 1240 1415 δίκαιος
1261 1340 1326 1422 γὰρ
1359 1336 1394 1418 εἷ,

425 1556 453 1605 P.
472 1553 530 1608 521,
549 1551 605 1620 τὴν
623 1555 837 1620 θεραπείαν]
856 1551 903 1621 τὴν
920 1556 1046 1606 om.Ven.
1058 1554 1089 1607 Ξ.
1098 1573 1136 1622 pr.
1154 1562 1180 1608 et
1197 1556 1230 1607 Σ.
1243 1556 1394 1610 Vinum.

377 1625 435 1673 Par.
453 1623 484 1673 V.
502 1625 607 1672 Mcerm.
625 1622 695 1672 Flor.
712 1639 733 1672 c.
751 1623 796 1673 sed
814 1640 839 1674 v.
857 1624 978 1689 explicat
1002 1686 1004 1690 ι

426 1689 514 1748 εἰπέ,
542 1690 755 1758 Καλλίκλεις]
793 1683 814 1741 ὦ
843 1697 906 1742 ante
936 1692 1084 1746 Καλλίκλεις
1112 1693 1211 1744 addunt
1233 1694 1301 1744 Van.
1326 1692 1394 1753 ΞΣ.,

375 1758 444 1823 quod
461 1758 557 1823 recepit
573 1759 717 1809 Bekkerus.

375 1954 548 2009 ἀντευποιεῖν,
584 1957 635 2010 Sed
651 1960 680 2009 hi
697 1958 747 2007 sibi
765 1974 856 2024 parurn
907 1976 932 2024 p.
949 1957 1007 2012 476.
1025 1959 1068 2010 21.
1093 1958 1240 2012 Lobeck.
1265 1961 1299 2012 ad
1316 1961 1396 2027 Phry·

376 2027 510 2090 constant,
539 2028 634 2092 quippe
662 2027 707 2093 qui
735 2026 875 2091 deinceps
907 2028 977 2078 nich.
993 2044 1017 2093 p.
1034 2026 1091 2080 620.
1104 2030 1216 2094 interpp.
1235 2029 1269 2079 ad
1289 2030 1393 2097 Gregor.

376 2112 464 2145 omncs
482 2105 582 2181 praeter
599 2096 668 2146 Flor.
687 2095 711 2145 d.
729 2096 858 2145 ethnet.
909 2095 1025 2146 Corinth.
1058 2113 1082 2162 p.
1115 2094 1173 2147 449.
1208 2098 1331 2149 Astius
1363 2099 1394 2148 nd

378 2163 407 2215 Ξ.
437 2160 485 2213 ἀντ
522 2155 554 2213 cri
586 2167 699 2213 πειόεται
734 2164 858 2228 scriptum
901 2165 989 2229 'Legg.
1013 2161 1104 2229 put.
1151 2165 1190 2213 Ac
1212 2170 1287 2216 tanto
1311 2168 1393 2216 minus

376 2231 524 2282 exhibeant.
556 2231 721 2281 Dirimendas
739 2247 795 2282 esse
813 2247 858 2280 vo·
908 2232 958 2280 hoc
976 2232 1198 2296 loco=scripserim
1217 2230 1391 2292 ἀντευποιεῖν,

377 2316 419 2349 ces
437 2301 500 2350 sutis
522 2299 614 2349 docent
636 2299 707 2365 leges
733 2315 858 2365 gramma·
909 2299 978 2363 quod
995 2301 1082 2350 statim
1097 2300 1265 2364 subsequitur
1277 2294 1311 2352 εὖ
1322 2300 1394 2368 ποιή-

376 2367 451 2416 ίίοκε.
487 2367 554 2418 Nam
579 2366 606 2417 τὸ
630 2359 661 2417 εὖ
679 2367 721 2416 καλ
748 2363 775 2416 τὰ
802 2383 858 2416 ors·
912 2383 958 2419 σας
976 2374 1001 2417 et
1013 2368 1131 2433 proxime
1151 2370 1287 2433 praecedit
1300 2361 1331 2420 sd
1348 2387 1393 2420 πα-

379 2430 466 2500 ρητικὰ
489 2432 566 2499 μόρια
593 2452 645 2485 non
671 2441 860 2500 componuntur
909 2432 1001 2485 θόνια.
1051 2436 1172 2487 Ceterum
1199 2436 1271 2501 quod
1301 2438 1393 2489 Hein-

377 2519 436 2552 cum
455 2504 540 2553 verbis
562 2503 713 2568 primitivis,
737 2503 781 2552 sed
799 2519 859 2553 cum
910 2503 1035 2553 dorfius
1054 2505 1167 2554 coniecit
1184 2505 1304 2569 adeoque
1324 2506 1395 2556 libris

377 2571 526 2621 nominibus
550 2577 576 2621 et
599 2571 683 2621 verbis
709 2571 769 2621 inde
793 2571 859 2620 deri·
910 2572 1000 2622 invitis
1023 2573 1051 2621 in
1075 2572 1191 2622 ordinem
1214 2574 1314 2639 recepit
1337 2570 1392 2624 είό

377 2640 453 2689 vatia.
493 2641 581 2704 Itaque
604 2645 673 2689 recte
696 2639 791 2689 dicitur
816 2634 859 2688 εὐ·
911 2632 943 2689 εὖ
960 2636 1084 2705 ποιήσας,
1102 2639 1129 2689 id
1146 2657 1199 2690 non
1217 2657 1300 2707 opus,
1318 2658 1394 2706 quum

378 2703 498 2773 α’γγελος,
524 2715 592 2757 recte
611 2709 687 2757 ctiam
705 2703 859 2773 εὐαγγελέω,
909 2708 1076 2772 participium
1103 2708 1213 2759 articulo
1244 2709 1395 2760 destitutum

378 2773 447 2838 quod
469 2776 501 2823 ab
523 2775 569 2824 illo
593 2775 668 2824 fluxit
689 2781 822 2839 tamquam
845 2788 862 2822 a
912 2776 951 2825 sic
980 2775 1163 2841 explicandum
1194 2776 1242 2826 sit:
1279 2778 1396 2842 itaque

378 2843 449 2891 fonte
467 2857 527 2903 su0;
546 2839 689 2909 εὐαγγὲλλοι
707 2848 792 2892 cutem
809 2857 861 2891 mc·
911 2844 1063 2908 pulcrum
1086 2845 1147 2894 hoc
1164 2843 1302 2895 videtur
1325 2861 1396 2895 esse

378 2911 427 2959 rito
462 2908 601 2959 barbarum
641 2918 766 2960 censetur.
807 2909 860 2959 vid.
912 2911 1081 2972 indicium,
1099 2913 1135 2975 si,
1153 2913 1396 2977 ubiquisbenc

379 2977 552 3026 Schaeferi
583 2974 680 3028 Melett.
710 2980 766 3029 crit.
788 2994 812 3042 p.
836 2975 860 3028 6.
912 2979 1006 3040 fecit,
1038 2980 1069 3028 ei
1103 2981 1165 3030 hoc
1193 2979 1396 3032 beneficium

379 3051 451 3109 etp.
475 3043 516 3094 68.
560 3045 632 3106 Quae
656 3047 678 3094 si
701 3062 762 3095 vcra
791 3051 860 3107 sunt,
912 3047 1075 3098 redditur.
1133 3046 1287 3099 Subiectum
1328 3051 1395 3100 enim

379 3128 411 3160 ne
429 3108 595 3162 ἀντευποιεῖν
618 3113 721 3177 quidem
744 3121 788 3163 aut
812 3109 860 3161 dv·
912 3116 980 3164 inest
997 3116 1024 3163 in
1042 3131 1067 3164 v.
1086 3118 1208 3165 πείσεται.

379 3177 534 3244 τενπάοχειν
560 3180 616 3230 ullo
651 3182 725 3231 modo
754 3179 861 3230 ferenda
945 3184 974 3235 P.
997 3179 1055 3232 521.
1090 3178 1157 3233 Ἐπλ
1187 3182 1338 3249 ποτέραν
1364 3211 1394 3221 -

379 3253 452 3311 sunt,
482 3265 565 3313 neque
593 3256 662 3301 recte
688 3250 736 3299 hes
764 3250 861 3299 formas
913 3246 973 3336 τὴν
990 3250 1187 3316 θεραπείαν]
1206 3252 1240 3301 Η.
1259 3267 1283 3302 e.
1302 3252 1395 3315 ποτέρα

379 3322 477 3367 tutatus
505 3323 544 3366 est
570 3318 792 3368 Buttmannus
816 3318 861 3367 Gr.
912 3335 964 3367 ουν
986 3317 1058 3367 ἐστιν
1080 3315 1096 3384 ἡ
1120 3321 1265 3382 θεραπεία,
1296 3317 1340 3381 ἐφ’
1365 3317 1396 3384 ἦν

380 3385 457 3450 ampl.
476 3386 505 3434 Τ.
524 3386 557 3435 II.
576 3387 603 3434 P.
623 3387 655 3435 11.
673 3403 698 3450 p.
717 3382 790 3447 361„
815 3385 861 3449 qui
912 3403 944 3446 με
962 3388 1118 3449 παρακαλεῖς
1124 3404 1133 3448 ;
1151 3387 1242 3452 Lysid.
1255 3404 1280 3452 p.
1292 3386 1395 3440 203&

379 3455 417 3503 itu
433 3455 550 3517 scripsit:
568 3453 655 3516 „deon
672 3471 698 3503 εο
715 3468 861 3502 zusammen
913 3451 983 3515 παρὰ
1013 3457 1084 3507 τίνας
1115 3452 1192 3507 toris
1222 3451 1306 3517 opac-
1338 3455 1395 3505 Via

379 3538 411 3570 ιιι
432 3520 574 3582 εείινιίὸοκ,
599 3520 667 3582 bier,
692 3538 729 3571 ιυο
752 3537 777 3571 es
798 3520 862 3585 ploti
913 3522 1085 3572 Matthiae.
1111 3523 1154 3573 Gr.
1174 3524 1197 3584 §-
1216 3521 1276 3574 265.
1294 3522 1319 3574 4.
1338 3539 1395 3573 ενα.

379 3588 435 3638 unct
462 3588 536 3638 leicht
558 3587 696 3652 peschiebt,
726 3604 794 3638 ιιιιιεε
820 3588 862 3638 die
912 3595 938 3639 et
954 3605 1021 3654 quae
1043 3590 1137 3656 collegi
1160 3590 1193 3640 ad
1215 3592 1394 3657 Euthyphron.

382 3656 470 3705 Natur
497 3657 544 3705 cler
572 3655 736 3722 Ρυᾶυοείελοκ
768 3656 861 3707 durch·
912 3674 937 3722 p.
954 3655 993 3707 14.
1012 3658 1042 3707 Ε.
1062 3678 1091 3703 --
1111 3656 1169 3709 100.
1187 3658 1227 3709 ed.
1245 3660 1318 3724 Lips.
1349 3661 1396 3710 Τε-

380 3732 460 3773 oetaeo
494 3722 601 3772 λὸυκειε.
652 3724 754 3789 Quippe
788 3724 862 3773 nulla
912 3741 981 3775 mere
1018 3727 1175 3776 novissimus
1211 3728 1318 3778 criticus
1352 3724 1397 3793 τὴν

380 3806 485 3856 prorsus
502 3791 700 3856 praepositionis
717 3794 757 3840 vis
776 3797 816 3841 cst
833 3793 861 3840 in
913 3793 1050 3844 articulum
1068 3794 1176 3859 expulit.

380 3859 491 3920 talibus,
524 3873 608 3922 neque
637 3860 712 3908 video
740 3874 862 3909 caussam
947 3857 1002 3926 τὴν
1021 3866 1077 3911 τοῦ
1095 3859 1334 3929 διαμάχεσθαι]
1351 3864 1397 3913 Βο·

379 3926 473 3988 ullam,
501 3941 548 3975 our
576 3926 744 3990 scriptoribus
768 3927 862 3976 Atticis
912 3935 985 3993 petas
1003 3927 1078 3978 ἐπιέ
1096 3929 1282 3995 superioribus.

380 3993 862 4060 inhuiusmodiformisevulgaribus
946 3992 961 4060 ἢ
996 3992 1037 4048 cis
1073 3996 1323 4064 διακονήσαντα
1350 3995 1394 4063 -]

380 4062 486 4127 linguae
509 4061 610 4126 legibus
638 4062 716 4112 fuerit
742 4061 862 4112 receden-
913 4062 1182 4129 Olympiodorus:
1221 4070 1323 4152 ppulo,
1356 4064 1392 4115 du

380 4129 458 4191 dum,
489 4145 568 4193 quum
599 4130 632 4178 iis
661 4136 771 4180 tmeseos
797 4145 862 4179 usus
913 4129 1002 4192 βούλει
1027 4149 1058 4193 με
1077 4129 1204 4183 διάκονον
1227 4151 1301 4184 ειναι
1316 4130 1394 4198 Ἀθη·

379 4197 582 4261 hsudquaquam
604 4198 753 4263 incognitus
776 4198 862 4247 fuerit.
915 4201 996 4247 ναίων
1013 4200 1055 4249 καί
1074 4200 1141 4264 πρὸς
1163 4198 1241 4265 χάριν
1259 4201 1357 4269 λέγειν,
1380 4198 1394 4250 ὅ

380 4280 406 4315 v.
424 4264 627 4315 Schaeferus
648 4265 667 4316 l.
692 4281 714 4316 e.
737 4265 770 4316 ad
793 4265 862 4314 Lon·
912 4263 973 4324 ἐστι,
991 4264 1086 4319 κόλακα
1103 4262 1182 4319 εἶναι.

380 4344 444 4380 rum
458 4346 485 4380 u.
500 4329 562 4384 417.
576 4331 612 4383 ad
627 4333 794 4384 Demosthsn.
822 4333 861 4382 De
946 4331 1051 4400 ὥςπερ
1071 4332 1159 4402 ἤρξω
1177 4332 1293 4403 naid]
1315 4337 1354 4388 cf.
1370 4353 1393 4402 p.

572 4397 688 4453 ’Νι-26.
710 4400 740 4451 in
756 4400 861 4466 Leptin.
912 4398 971 4452 487.
988 4403 1022 4453 D.
