3242 5259
494 594 549 651 AD
571 593 754 653 GORGIAM
775 593 979 653 PLATONIS.
1075 627 1078 632 ,
1226 602 1245 652 9

293 762 418 825 Quaerit
438 763 517 821 enim
544 782 582 820 ex
610 782 644 820 co
665 763 855 838 Ghaerephon
877 763 1002 821 Socratis
1031 720 1245 834 hortatu„.‹‘'i⁷e·

231 869 332 907 rumne
354 848 406 919 sit,
435 849 512 926 quod
540 854 608 906 ante
629 848 791 906 narraverit
812 848 958 919 Callicles,
989 867 1055 906 eum
1082 844 1245 920 adomnia,

231 953 302 1012 quae
325 933 392 1011 quis
413 933 585 1007 interroget,
612 933 784 1006 respondere
812 952 904 1007 posse.
948 933 1085 1007 Affirmat
1110 924 1160 995 ille‘
1182 953 1245 991 rem

229 1018 397 1092 gravissime
412 1018 518 1095 ,aitque
539 1017 624 1074 licere
646 1017 733 1075 huius
753 1017 796 1074 rei
811 1036 912 1092 capere
931 1017 1100 1093 periculum.
1134 1018 1166 1075 P.
1183 1018 1243 1076 447

222 1204 224 1208 ’
282 1108 355 1245 ‘iiii'
371 1105 441 1245 dero
455 1185 552 1257 Polus,
575 1185 698 1259 Gorgiae
713 1185 823 1244 amicus
838 1185 1041 1257 etfamiliaris,
1062 1184 1244 1258 magistrum,

230 1272 433 1330 declamitandi
448 1271 545 1329 labore
566 1271 730 1344 fatigatum,
752 1271 920 1346 disputandi
942 1290 1028 1328 onere
1042 1271 1193 1329 levaturus
1214 1276 1245 1327 et

229 1377 309 1415 suam
323 1356 417 1432 ipsius
436 1361 536 1426 artem,
559 1360 593 1412 ut
606 1355 731 1426 videtur,
756 1361 966 1427 ostentaturus,
987 1375 1018 1412 se
1033 1360 1167 1432 paratum
1182 1373 1245 1412 esse
1338 1393 1345 1398 -

230 1442 269 1500 ait
289 1442 327 1499 ad
349 1446 447 1516 partes
473 1440 551 1497 illius
579 1438 784 1515 suscipiendas.
828 1441 955 1498 Miratur
975 1441 1165 1516 Chaerephon
1193 1439 1245 1496 ho·

229 1526 313 1583 minis
335 1525 554 1594 confidentiam,
584 1524 634 1601 qui
656 1544 687 1582 se
708 1530 805 1599 speret
825 1524 963 1598 magistro
984 1524 1089 1583 melius
1115 1525 1244 1600 disputa-

229 1618 325 1669 turum
349 1629 427 1681 esso;
450 1616 606 1667 notamen
628 1608 655 1666 ei
677 1610 776 1667 deesse
797 1610 945 1680 videatur,
974 1628 1040 1666 cum
1061 1629 1095 1667 eo
1116 1608 1246 1668 instituit

230 1696 368 1754 disserere
389 1696 426 1752 de
447 1700 553 1752 natura
582 1701 612 1751 et
632 1693 662 1752 vi
685 1694 755 1752 artis
783 1694 952 1753 rhetoricae.
996 1694 1165 1752 Sciscitatur
1191 1693 1244 1768 igi·

230 1788 282 1852 tur,
305 1780 459 1837 cuiusnam
480 1778 552 1836 artis
574 1778 695 1852 Gorgias
716 1778 828 1854 peritus
849 1779 888 1837 sit
914 1786 944 1837 et
965 1798 1023 1856 quo
1044 1779 1160 1836 nomine
1181 1779 1244 1854 ipse

232 1867 262 1923 ab
283 1884 318 1922 ea
340 1869 420 1922 reete
442 1863 611 1938 appelletur.
639 1864 807 1939 Respondet
820 1864 909 1921 Polus
920 1883 987 1921 eum
1002 1863 1131 1947 profiteri
1152 1870 1246 1922 artem

234 1949 309 2023 longe
332 1947 565 2024 pulcherrimam.
609 1946 691 2010 Quae
712 1949 860 2023 responsio
888 1949 1130 2026 quemadmodum
1151 1948 1245 2006 laudis

234 2033 313 2107 plena
342 2038 403 2103 est,
442 2032 483 2090 ita
512 2037 603 2091 artem
631 2032 778 2107 sophistae
805 2053 908 2108 parum
938 2039 1071 2092 accurate
1099 2032 1244 2091 describit.

231 2118 331 2196 ltaque
355 2119 489 2180 Socrates
515 2117 551 2174 ad
573 2116 717 2191 Gorgiam,
739 2119 889 2176 Praeclare
911 2138 994 2190 vero,
1024 2117 1129 2196 inquit,
1156 2118 1245 2175 Polus

231 2223 260 2260 se
278 2203 398 2261 videtur
420 2203 457 2260 ad
478 2200 631 2259 dicendum
653 2202 862 2277 composuisse,
886 2203 922 2259 ad
943 2203 1017 2260 illud
1038 2213 1145 2273 tamen,
1167 2202 1246 2280 quod

228 2287 437 2361 interrogatum
466 2293 510 2344 est
538 2287 811 2362 aGhaerephoute,
844 2287 962 2345 minime
991 2288 1140 2363 respondit
1168 2291 1244 2362 apte.

230 2373 303 2428 Nam
324 2379 417 2430 artem
438 2378 519 2429 tuam
540 2371 674 2428 laudibus
696 2372 804 2430 extulit
826 2373 961 2443 summis,
990 2372 1073 2450 quasi
1094 2372 1159 2449 quis
1180 2390 1246 2428 cam

230 2456 469 2531 reprehendisset,
499 2455 561 2513 eius
581 2461 716 2513 naturam
739 2465 838 2514 autern
858 2477 918 2514 non
939 2456 1083 2531 patefecit.
1126 2455 1244 2513 Etenim

229 2542 304 2618 quod
333 2542 428 2598 facere
462 2541 558 2597 solent
585 2542 660 2615 apud
690 2542 843 2599 Platonem
878 2540 1074 2615 sophistarum
1100 2538 1244 2614 discipuli,

227 2633 262 2683 ut
288 2645 388 2683 rerum
414 2643 521 2699 genera
549 2631 579 2682 et
600 2626 707 2683 formas
736 2626 862 2700 turpiter
890 2625 1069 2682 confundant
1097 2632 1184 2702 atque
1212 2623 1244 2681 in

229 2709 402 2766 definiendis
421 2708 587 2767 notionibus
614 2709 735 2767 mirifice
755 2715 857 2780 ruant,
887 2709 963 2766 idom
990 2709 1079 2767 etiam
1100 2710 1170 2767 Polo
1198 2728 1244 2767 ac·

229 2793 315 2862 cidit,
340 2792 404 2870 qui,
425 2813 516 2871 quum
543 2793 689 2869 sophistae
712 2814 758 2852 ars
787 2793 927 2852 accurate
949 2794 1113 2852 definienda
1141 2813 1174 2852 ao
1195 2794 1244 2852 de·

228 2878 382 2935 scribenda
402 2885 493 2950 esset,
524 2896 587 2935 earn
615 2879 647 2935 in
668 2879 839 2938 universum
860 2878 994 2937 laudibus
1017 2880 1150 2937 celebrat.
1186 2880 1244 2937 Ne-

227 2982 282 3039 que
305 2968 404 3021 tamen
425 2963 526 3033 Polus,
549 2963 618 3039 quid
640 2963 713 3021 illud
735 2964 787 3035 sit,
810 2965 888 3041 quod
910 2984 928 3021 a
949 2964 1066 3021 Socrate
1088 2964 1244 3038 reprehen-

226 3048 319 3117 datur,
343 3047 508 3104 ullomodo
537 3047 689 3123 perspicit,
719 3049 769 3106 sed
791 3068 825 3105 eo
855 3068 948 3126 usque
977 3049 1105 3124 procedit
1134 3048 1243 3124 impru-

188 3149 192 3155 ’
225 3131 356 3203 dentiae,
392 3137 426 3189 ut
454 3151 536 3189 suam
565 3132 635 3190 artis
664 3133 864 3191 definitionem
892 3133 981 3191 etiam
1009 3133 1085 3191 tueri
1114 3139 1242 3192 conetur.

225 3218 256 3274 P.
280 3221 351 3274 448.
375 3219 410 3274 A.
432 3249 475 3258 -
497 3222 566 3273 449.
589 3221 625 3275 A.
1045 3265 1050 3276 .

288 3303 395 3378 Itaque
411 3301 551 3372 Socrates,
565 3321 696 3360 sermone
710 3300 769 3359 iam
784 3303 820 3359 ad
835 3301 931 3377 ipsum
945 3302 1082 3376 Gorgiam
1096 3321 1243 3373 converso,

227 3387 289 3458 Age
310 3404 396 3456 vero,
426 3385 536 3462 iuquit,
559 3385 621 3461 ipse
642 3387 725 3444 nobis
747 3387 841 3457 dicas,
863 3407 920 3464 quo
943 3386 1058 3444 nomine
1087 3391 1116 3444 te
1145 3387 1243 3462 appel-

228 3469 345 3527 landum
367 3470 526 3542 arbitreris,
549 3478 578 3528 et
600 3476 743 3548 quaenam
764 3470 803 3530 sit
818 3491 864 3529 ars
886 3472 945 3542 illa,
969 3470 1051 3529 euius
1072 3475 1102 3528 te
1116 3470 1242 3546 peritum

227 3553 397 3627 profitearis.
441 3555 608 3630 Respondet
636 3556 685 3613 ille
714 3574 744 3613 se
773 3564 866 3614 artem
893 3555 1026 3614 factitare
1054 3555 1242 3628 rhetoricam3

226 3637 256 3699 iu
277 3658 336 3716 qua
358 3641 511 3697 tractanda
526 3660 623 3717 quum
644 3660 702 3697 non
724 3639 786 3698 sine
800 3641 886 3698 laude
901 3646 1034 3700 versatus
1049 3640 1096 3712 sit,
1117 3639 1242 3699 rhetoris

225 3723 340 3780 nomine
363 3743 394 3780 se
417 3724 621 3799 appellandum
635 3730 741 3783 censet.
763 3725 877 3787 Quibus
899 3725 1006 3784 auditis
1022 3727 1163 3797 Socrates,
1185 3744 1243 3804 qno

226 3807 340 3865 facilius
362 3807 509 3866 hominem
530 3809 622 3884 possit
649 3809 753 3867 deinde
782 3810 960 3883 argumentis
982 3811 1147 3882 confutare,
1177 3829 1242 3867 oon-

225 3891 306 3949 tinuo
329 3912 398 3950 eum
425 3893 598 3967 interrogat,
628 3895 738 3953 velitne
767 3915 801 3952 ea
836 3915 895 3973 qua
922 3914 1000 3953 nunc
1021 3895 1067 3953 usi
1089 3896 1149 3954 sint
1184 3893 1242 3952 dis-

224 3976 339 4034 serendi
359 3977 472 4035 ratione
493 3978 582 4036 etiam
602 3979 766 4057 porrouti,
797 3980 941 4054 longiores
972 3987 1070 4038 autem
1097 3980 1162 4037 illos
1184 3999 1242 4038 ser-

225 4081 340 4132 mones,
372 4062 478 4140 quibus
505 4064 674 4141 plerumque
704 4063 749 4121 uti
778 4064 884 4137 soleat,
914 4065 945 4122 in
973 4064 1118 4141 praesenti
1138 4063 1242 4123 missos

223 4145 328 4203 facere.
374 4147 510 4206 affirmat
531 4148 661 4223 sophista
689 4148 744 4206 hoc
771 4148 870 4224 ipsum
889 4169 1004 4227 quoque
1025 4169 1117 4206 unum
1146 4169 1184 4207 ex
1204 4148 1242 4208 iis

224 4248 305 4302 esse,
335 4250 410 4308 quae
432 4232 617 4307 profiteatur,
647 4232 850 4311 neminemque
877 4233 940 4309 ipso
961 4234 1064 4292 melius
1094 4253 1176 4308 posse
1205 4234 1242 4293 de

224 4317 327 4373 eodem
357 4324 527 4389 argumento
556 4337 644 4395 quam
664 4317 834 4376 brevissime
863 4318 1020 4394 disputare.
1063 4318 1168 4396 Itaque
1190 4319 1241 4377 So·

224 4407 319 4460 crates
342 4402 379 4458 ab
403 4420 436 4459 co
457 4401 540 4477 petit,
561 4409 596 4461 ut
616 4402 703 4461 huius
717 4402 967 4481 breviloquentiae
983 4422 1061 4461 nune
1075 4405 1242 4482 exemplum
