3242 5259
281 586 318 640 10
635 580 935 677 PROLEGQMENA

278 749 395 828 aliquod
415 749 567 821 exhibeat;
590 750 701 826 copiam
722 756 752 811 et
772 756 908 810 ornatum
923 750 1061 810 orationis
1083 749 1139 807 alio
1160 753 1289 826 tempore

277 839 412 894 ostentet.
454 836 491 892 Id
512 836 590 913 quod
611 836 732 911 Gorgias
753 855 785 894 se
805 836 951 895 facturum
979 855 1038 899 non
1059 835 1122 896 sine
1150 834 1291 894 iactantia

277 920 436 996 pollicetur.
479 921 511 978 P.
534 921 751 994 449.,A.-c.
772 952 816 964 -
837 923 995 1001 Postquam
1015 920 1106 995 igitur
1132 925 1290 996 perpetuae

278 1004 415 1064 orationis
437 1004 562 1076 flumen,
592 1026 648 1083 quo
670 1006 817 1082 sophistae
844 1007 906 1065 fere
927 1008 1059 1065 solebant
1079 1005 1210 1080 abripere
1239 1024 1290 1062 au-

278 1089 419 1148 dientium
441 1089 565 1162 animos,
587 1091 680 1150 veluti
702 1093 883 1151 obstructum
904 1098 962 1164 est,
993 1092 1124 1149 Socrates
1153 1095 1291 1148 consueto

278 1173 436 1233 disserendi
457 1194 562 1248 genere
584 1182 669 1235 utens
697 1177 768 1236 artis
788 1176 949 1236 rhetoricae
976 1183 1112 1235 naturam
1138 1175 1291 1250 explorare

277 1259 414 1319 instituit
457 1262 521 1334 Age
542 1262 627 1333 dum,
648 1261 759 1339 inquit,
781 1261 902 1335 Gorgia,
925 1261 1062 1339 quoniam
1082 1266 1111 1319 te
1132 1259 1291 1318 rhetorices

277 1344 404 1420 peritum
424 1343 508 1416 dicis,
535 1346 654 1404 edoceas
675 1366 737 1418 me,
766 1345 797 1403 in
819 1365 946 1424 quanam
973 1365 1005 1404 re
1024 1346 1077 1404 illa
1098 1344 1289 1404 contincatur.

277 1429 445 1505 Respondet
458 1429 579 1504 Gorgias
600 1430 710 1489 versari
731 1450 794 1488 cam
815 1430 1040 1490 morationibus
1054 1430 1204 1488 habendis,
1232 1430 1289 1488 Sed

277 1514 353 1572 hanc
374 1514 589 1589 responsionem
609 1515 653 1573 ita
671 1516 782 1574 refutat
795 1517 936 1588 Socrates,
958 1522 992 1574 ut
1013 1517 1133 1574 candem
1147 1514 1290 1573 rationem

278 1598 367 1657 etiam
394 1599 572 1677 reliquarum
599 1599 707 1658 artium
735 1620 798 1658 esse
827 1602 941 1672 doceat,
978 1600 1086 1677 quippe
1115 1619 1189 1677 quae
1217 1599 1289 1658 item

278 1688 432 1742 versentur
458 1684 490 1741 in
511 1683 607 1741 verbis
636 1684 671 1742 de
699 1683 735 1742 iis
764 1687 851 1743 rebus
871 1684 1027 1756 faciendis,
1056 1704 1131 1763 quae
1153 1686 1189 1741 ad
1210 1683 1289 1760 ipsas

277 1767 450 1842 pertineant.
479 1769 537 1826 Cur
557 1767 656 1841 igitur,
676 1768 782 1847 inquit,
803 1789 820 1826 o
842 1772 925 1841 bone,
947 1769 1018 1828 alias
1040 1776 1116 1829 artes
1131 1789 1190 1826 non
1204 1775 1290 1844 putas

277 1852 435 1911 rhetoricas
457 1871 520 1911 esse
541 1852 743 1928 appellandas,
773 1874 864 1932 quum
892 1861 922 1913 et
949 1855 1030 1930 ipsae
1057 1853 1290 1912 morationibus

277 1936 448 1996 versentur?
482 1939 564 1996 Haec
585 1958 653 1996 vero
676 1939 801 1997 Socratis
823 1938 965 1999 dubitatio
986 1938 1084 2011 efficit,
1105 1945 1140 1998 ut
1160 1939 1291 2014 sophista

277 2021 339 2081 vim
372 2021 532 2081 rhetoricae
560 2029 778 2101 ceterarumque
809 2024 916 2082 artium
942 2023 1085 2082 rationem
1120 2023 1290 2097 diligentius

170 2155 173 2158 ⁴
277 2106 404 2165 indicare
426 2115 552 2182 cogatur.
590 2108 757 2184 Respondet
776 2108 867 2181 igitur
888 2113 1050 2167 ceterarum
1071 2107 1177 2166 artium
1199 2108 1290 2166 scien-

277 2192 349 2250 tiam
376 2193 436 2250 fere
466 2211 579 2250 omnem
607 2193 643 2249 ad
672 2213 744 2269 opus
772 2193 936 2251 faciendum
964 2191 1081 2263 referri,
1115 2192 1289 2251 rhetoricam
1329 2186 1332 2199 '

278 2282 377 2336 antem
397 2276 481 2334 unice
502 2276 533 2334 in
554 2276 673 2334 dicendo
694 2277 812 2347 versari,
835 2277 978 2334 actionem
998 2296 1112 2334 omnem
1132 2277 1288 2353 aspernari.

278 2362 310 2419 P.
327 2367 397 2420 449.
406 2361 562 2420 c.-4150.
571 2362 603 2418 B.
625 2360 707 2423 Quae
722 2380 897 2439 quamquam
911 2360 1038 2437 speciose
1051 2361 1200 2436 disputata
1211 2366 1288 2432 sunt,

277 2452 376 2505 tamen
410 2445 520 2505 Socrati
553 2447 682 2504 nondum
710 2446 907 2517 satisfaciunt,
936 2446 1014 2503 unde
1042 2447 1077 2503 de
1106 2445 1212 2503 artium
1241 2465 1290 2518 ge-

279 2531 397 2591 neribus
422 2531 540 2590 uberius
567 2531 661 2589 dicere
688 2530 825 2591 instituit.
869 2530 1005 2588 Omnium
1033 2528 1154 2599 artium,
1184 2529 1288 2605 inquit,

279 2617 353 2674 aliae
374 2617 406 2673 in
426 2615 561 2692 operibus
580 2617 720 2675 faciendis
740 2636 875 2691 magnam
903 2622 1016 2692 partem
1037 2619 1191 2690 occupatae
1220 2619 1289 2670 sunt

279 2701 468 2778 indigentque
487 2721 618 2760 sermone
640 2702 687 2761 vel
708 2701 815 2776 exiguo
835 2702 884 2760 vel
904 2701 990 2777 plane
1011 2700 1106 2770 nullo,
1129 2697 1222 2757 veluti
1243 2716 1289 2754 ars

279 2786 431 2862 pingendi,
454 2785 607 2857 statuaria,
636 2786 710 2844 aliae
730 2788 848 2845 multae.
893 2785 977 2843 Ahae
998 2791 1096 2844 autem
1123 2784 1184 2840 fere
1212 2787 1290 2840 totae

278 2875 433 2930 versantur
461 2870 492 2927 in
513 2869 692 2929 orationibus
713 2870 868 2948 verbisque
889 2869 1028 2927 faciendis
1049 2887 1083 2925 ac
1109 2868 1220 2925 nuliam
1241 2867 1289 2925 vel

279 2956 432 3014 admodum
453 2954 588 3029 exiguam
609 2954 774 3013 adiunctam
795 2956 905 3030 habent
926 2953 1076 3023 actionem,
1098 2957 1133 3010 ut
1153 2951 1290 3010 arithme

278 3041 350 3113 tica,
379 3039 552 3114 geometria,
581 3039 669 3111 ahoe,
699 3059 773 3118 quae
799 3045 852 3098 aut
870 3057 970 3114 parem
998 3037 1104 3097 actioni
1130 3055 1291 3094 sermonem

278 3125 432 3204 requirunt
459 3129 512 3184 aut
532 3125 617 3200 piane
637 3124 669 3181 in
689 3124 787 3184 verbis
807 3123 947 3182 faciendis
968 3141 1030 3182 sese
1051 3121 1208 3180 continent.
1250 3123 1290 3179 Et

279 3211 310 3268 in
337 3210 426 3268 huius
454 3209 572 3288 quidem
598 3209 712 3283 generis
746 3209 858 3267 artibus
885 3213 919 3267 tu
946 3207 1019 3265 mihi
1046 3206 1154 3266 videris
1182 3206 1290 3263 habere

279 3295 460 3354 rhetoricam.
503 3298 545 3355 At
566 3294 643 3352 enim
663 3295 775 3352 nnllam
803 3295 908 3351 harum
928 3298 999 3369 puto
1028 3311 1045 3350 a
1074 3298 1104 3351 te
1132 3290 1289 3349 rhetorices

280 3380 395 3438 nomine
417 3380 594 3456 appellatum
613 3378 665 3451 iri,
686 3379 755 3439 licet
774 3385 862 3438 antea
882 3383 982 3451 artem,
1004 3377 1087 3435 cuius
1107 3376 1153 3435 vis
1173 3375 1205 3432 in
1226 3395 1289 3432 ora-

279 3466 358 3525 tione
380 3471 526 3536 cernatur,
548 3464 657 3522 dixeris
679 3483 742 3523 esse
761 3462 943 3523 rhetoricam.
987 3465 1051 3536 Age
1072 3461 1176 3535 igitur,
1199 3481 1290 3538 quum

280 3556 418 3626 appareat
439 3555 531 3608 artem
551 3548 706 3608 oratoriam
726 3568 816 3606 unam
836 3568 898 3607 esse
920 3567 958 3605 cx
970 3546 1015 3618 iis,
1037 3565 1112 3624 quae
1132 3545 1290 3618 maximam

280 3639 362 3694 certe
379 3639 492 3710 partem
511 3634 543 3690 in
563 3633 660 3693 verbis
680 3633 821 3693 faciendis
841 3636 1027 3708 occupantur,
1049 3630 1209 3688 accuratius
1231 3631 1290 3687 iam

280 3718 410 3789 definias,
425 3718 564 3797 quidnam
578 3719 651 3777 illud
665 3718 713 3789 sit,
728 3719 764 3776 ad
772 3719 849 3796 quod
855 3717 1000 3794 pertineat
1006 3715 1093 3773 huius
1102 3713 1174 3774 artis
1188 3715 1288 3772 oratio.

280 3805 356 3864 Nam
376 3804 618 3882 quemadmodum
638 3803 796 3878 geometria
817 3804 852 3861 de
873 3801 1016 3860 mensuris
1037 3806 1125 3878 atque
1152 3798 1289 3858 arithme-

280 3890 339 3948 tica
365 3889 402 3949 de
423 3888 552 3947 numeris
578 3888 740 3960 disserunt,
768 3888 812 3947 ita
832 3886 920 3946 etiam
939 3886 1082 3945 rhetorice
1101 3903 1218 3943 necesse
1245 3889 1291 3942 est

280 3975 312 4031 in
332 3994 390 4032 uno
411 3973 508 4052 aliquo
529 3991 634 4048 genere
654 3992 752 4032 rerum
773 3971 956 4048 potissimum
969 3975 1111 4041 versetur,
1132 3968 1291 4046 dequibus

281 4060 371 4119 verba
391 4059 486 4118 faciat
508 4059 540 4116 P.
562 4063 633 4116 450.
655 4059 813 4116 B.-451.
836 4058 866 4115 C.
887 4055 1001 4119 Quibus
1023 4054 1130 4114 auditis
1151 4053 1289 4130 sophista,

281 4144 352 4203 artis
373 4163 442 4203 snae
463 4142 634 4217 dignitatem
663 4148 692 4201 et
719 4140 927 4218 praestantiam
952 4141 1165 4209 declaraturus,
1193 4139 1291 4196 rheto-

280 4229 357 4286 ricae
379 4229 449 4288 artis
470 4228 615 4288 orationes
629 4227 731 4285 referri
752 4227 794 4286 ait
807 4228 844 4284 ad
865 4225 1049 4300 gravissimas
1069 4242 1199 4302 quasque
1216 4224 1290 4299 opti-

281 4332 400 4390 maeque
427 4334 525 4372 rerum
552 4314 752 4370 humanarum.
795 4314 838 4370 At
864 4311 942 4369 enim
966 4330 1057 4388 quum
1076 4307 1231 4382 magnifica
1252 4308 1291 4366 sit

281 4397 353 4456 haec
373 4398 527 4473 professio,
549 4404 613 4457 tum
634 4398 765 4456 Socrates
785 4395 815 4454 id
837 4397 922 4455 valde
944 4395 1078 4470 ambigue
1098 4393 1207 4452 dictum
1229 4413 1292 4450 esse
