3242 5259
454 606 458 613 *
487 616 543 672 AD
565 616 751 675 GORGIAM
772 618 976 678 PLATONIS.
1207 631 1246 682 69

218 806 274 842 nos
297 783 426 842 reditum
448 783 510 842 eius
531 784 562 841 in
576 785 704 843 Atticam
726 787 762 843 ad
784 805 894 842 annum
909 788 1029 844 tertium
1043 791 1090 847 vel
1105 800 1243 867 quartum

220 870 339 947 Olymp.
362 874 411 926 93.
432 869 617 927 referendum
638 889 700 928 esso
722 876 867 946 putamus.
903 873 984 928 Haec
1007 881 1104 931 autem
1126 876 1149 931 si
1173 898 1242 934 vere

219 955 262 1012 ita
290 957 457 1029 ponuntur,
487 953 571 1012 Plato
599 974 668 1012 sane
696 955 921 1030 prudentissimo
950 957 1068 1014 oonsilio
1097 960 1152 1016 hoc
1180 961 1243 1035 ipso

219 1045 352 1114 tempore
376 1037 551 1116 colloquium
578 1038 671 1110 istud,
700 1041 736 1096 de
758 1060 815 1117 quo
845 1040 956 1112 agitur,
985 1043 1117 1100 habitum
1139 1044 1242 1116 finxit3

220 1122 360 1182 convenit
381 1122 459 1180 enim
480 1123 535 1180 hoc
556 1123 642 1198 plane
665 1143 730 1181 eum
751 1124 890 1182 historiae
911 1125 976 1195 fide,
998 1147 1086 1203 quam
1109 1147 1125 1183 a
1147 1129 1240 1203 philo-

219 1209 310 1284 sopho
340 1207 416 1264 male
437 1207 599 1281 neglectam
628 1227 690 1265 esse
712 1215 820 1266 temere
843 1209 992 1285 conquesti
1022 1216 1097 1269 sunt.
1141 1216 1240 1290 Atque

220 1294 374 1350 confirmat
394 1293 470 1349 hanc
491 1292 664 1350 sententiam
679 1293 898 1388 planissimet
869 1293 957 1351 etiam
974 1294 1054 1365 illud,
1077 1298 1153 1372 quod
1169 1298 1239 1355 Gor-

219 1378 281 1451 gias
302 1376 413 1453 pariter
442 1381 530 1454 atque
552 1377 652 1434 Socrat
640 1383 683 1434 tes
713 1377 744 1433 in
765 1378 820 1434 hoe
849 1397 934 1452 opere
964 1384 1113 1456 tamquam
1139 1379 1237 1459 γηρά-

220 1481 341 1530 σκοντες
362 1461 395 1517 in
416 1479 531 1519 scenam
551 1461 661 1518 inducti
684 1468 760 1519 sunt.
811 1463 936 1536 Namp.
960 1468 1029 1520 461
1053 1464 1082 1521 G.
1106 1466 1206 1524 Socrat
1194 1471 1238 1524 tes

219 1549 254 1604 ad
275 1547 396 1604 Polum:
420 1567 445 1604 ω
431 1531 603 1604 κάλλιστε
621 1544 720 1617 Haila,
743 1540 819 1603 ἄλλοί
840 1567 886 1604 τοι
908 1544 1074 1624 ἐξεπίτηδες
1091 1570 1165 1626 κτιογ
1146 1545 1240 1608 'tado

219 1625 358 1709 ἑταίρους
371 1627 420 1687 καὶ
436 1624 517 1701 υἱεῖς,
536 1627 597 1701 lua
613 1625 783 1687 ἓιιειιλιλν’
747 1629 833 1688 avrel
850 1627 1114 1734 πρερβιλτεροι
1135 1631 1237 1712 γιγνό-

217 1735 300 1817 pavor
323 1708 547 1818 σιρολλολμεθιι,
565 1709 742 1793 ιιιιρίλιιτεςι
724 1720 808 1789 υμεῖς
831 1735 857 1771 οι
880 1711 1016 1794 νεώτεροι
1038 1714 1239 1822 ἔπανορθρῖιε

219 1795 306 1875 ἡμῶν
331 1795 383 1857 τὸν
403 1797 472 1873 βίον
500 1797 548 1856 καὶ
577 1795 609 1856 ἓν
630 1794 724 1876 ἔργοις
743 1797 791 1855 κοιλ
824 1797 856 1857 ἓν
876 1795 982 1876 λόγοις.
1010 1800 1059 1858 καλ
1081 1806 1134 1859 νῦν
1162 1799 1237 1862 εἴτι

219 1880 288 1961 ἕγολ
310 1881 378 1941 καὶ
399 1880 571 1962 Γοργίας
590 1880 625 1940 ἐν
646 1889 709 1952 τοῖς
730 1878 828 1960 λόγοις
844 1879 972 1962 σφολλόγ
974 1885 1054 1957 tetta,
1077 1883 1115 1942 od
1130 1885 1237 2030 napata

220 1963 413 2046 inavdoGov·
443 1964 556 2036 (λιλιαιος
584 1961 669 2024 ιλὶ
642 1989 674 2040 ει,
705 1969 768 2025 coll.
789 1989 817 2043 p.
841 1974 909 2025 463.
932 1970 966 2026 Ε.
1002 1929 1151 2028 Habuit
1143 1972 1236 2045 igitur

219 2055 360 2123 Socrates,
382 2072 440 2130 quo
461 2057 589 2127 tempore
611 2052 785 2129 colloquium
806 2053 889 2111 habit
878 2060 940 2111 tum
961 2059 1112 2149 putamus,
1145 2076 1234 2115 annos

218 2137 372 2214 sexaginta
400 2156 458 2214 qua
459 2141 553 2207 ttuor3
584 2136 630 2193 cui
652 2137 741 2195 aetati
732 2137 821 2213 iqui
850 2138 946 2194 minus
976 2139 1129 2196 convenire
1159 2142 1234 2198 arbi-

218 2224 283 2282 trati
307 2227 387 2293 sunt,
411 2222 487 2299 quod
501 2220 633 2278 Callicles
648 2221 715 2296 Gap.
731 2222 795 2278 LX.
812 2241 878 2279 eum
900 2222 982 2280 iubet
1002 2229 1099 2281 mente
1121 2231 1234 2283 mutata

218 2308 375 2386 aliquando
405 2306 491 2364 aliam
519 2305 638 2364 vivendi
665 2305 744 2364 viam
772 2311 802 2364 et
828 2307 971 2364 rationem
991 2307 1116 2381 ingredi,
1145 2330 1233 2386 quam

216 2393 333 2470 qualem
363 2391 458 2448 adhuc
486 2395 628 2468 sequutus
650 2390 702 2461 sit,
733 2390 875 2467 siquidem
904 2391 1002 2449 salvus
1031 2399 1061 2450 et
1081 2393 1233 2451 incolumis

215 2478 308 2536 vitam
330 2477 435 2550 degere
456 2474 544 2546 velit,
572 2474 594 2531 ii
622 2494 680 2530 non
701 2475 839 2532 videntur
868 2475 938 2532 satis
964 2476 1143 2549 reputavisse
1179 2479 1230 2534 ho-

214 2562 323 2620 minem
351 2559 482 2618 novitiae
516 2558 684 2634 disciplinae
718 2559 803 2633 plane
839 2559 969 2617 deditum
1005 2568 1035 2617 et
1067 2561 1231 2634 praeditum

213 2647 330 2722 ingenio
362 2644 496 2702 calidiore
525 2643 640 2700 omnino
669 2644 799 2701 acerbius
837 2650 866 2701 et
895 2643 1101 2701 contentiosius
1131 2652 1232 2703 contra

214 2733 363 2790 Socratem
384 2729 539 2804 disputare,
561 2732 596 2786 ut
615 2729 742 2803 profecto
764 2727 882 2785 minime
904 2733 1047 2803 repugnet
1065 2729 1230 2787 verisimili-

213 2816 323 2888 tudini,
355 2815 432 2892 quod
461 2813 524 2871 viro
553 2817 648 2871 aetate
677 2812 864 2886 provectiori,
893 2813 1062 2887 praesertim
1083 2815 1229 2891 usquein

213 2903 275 2960 luce
304 2899 423 2976 publica
449 2897 578 2956 versanti
614 2901 644 2954 et
673 2897 818 2954 acerrimis
847 2897 1093 2956 criminationibus
1128 2899 1228 2974 petito,

212 2984 365 3044 consilium
386 2983 416 3041 id
438 3001 530 3056 genus
550 3001 642 3057 paene
656 2986 825 3056 protervum
838 2982 1011 3056 suppeditat,
1033 2982 1115 3040 cuius
1130 2989 1227 3041 tamen

211 3071 328 3130 vanitas
349 3070 460 3126 urbane
474 3067 608 3142 deinceps
622 3066 773 3123 refellitur.
803 3067 848 3123 De
868 3065 990 3139 Gorgiae
1013 3071 1110 3124 autem
1131 3074 1226 3127 aetate

211 3157 233 3214 si
256 3153 423 3234 quaeritur,
454 3150 567 3210 etiamsi
595 3152 630 3208 do
652 3156 780 3224 tempore
809 3150 871 3207 eius
899 3151 991 3208 natali
1017 3170 1121 3226 parum
1149 3160 1227 3211 certo

210 3244 334 3309 constet,
355 3243 454 3296 tamen
481 3241 513 3294 et
539 3235 634 3310 ipsum
655 3234 812 3292 verisimile
843 3240 901 3305 est,
931 3254 988 3312 quo
1009 3240 1139 3311 tempore
1160 3257 1226 3295 eum

209 3327 327 3383 Socrate
350 3315 526 3397 disputavit
540 3321 679 3393 grandem
708 3323 833 3376 aetatem
859 3319 1010 3388 habuisse,
1040 3323 1225 3396 quamobrem

207 3410 264 3486 ipsi
285 3409 318 3466 in
342 3404 484 3484 colloquio
512 3423 577 3462 cum
598 3423 632 3461 eo
653 3403 789 3461 instituto
818 3403 907 3460 etiam
929 3422 1033 3476 magna
1059 3404 1225 3482 impertitur

206 3491 393 3554 verecundia.
437 3489 494 3547 Sed
515 3491 551 3546 de
572 3488 619 3546 his
647 3487 764 3564 quidem
792 3488 861 3564 quia
883 3488 1043 3545 accuratius
1064 3486 1151 3544 etiam
1174 3509 1224 3545 ex-

206 3579 316 3656 plicare
338 3580 369 3634 et
389 3575 509 3648 longum
537 3577 581 3631 est
603 3579 633 3630 et
660 3591 762 3647 parum
789 3572 984 3642 fructuosum,
1013 3571 1159 3646 pergimus
1188 3576 1224 3630 ad

207 3665 289 3734 illud,
311 3660 391 3740 quod
412 3678 504 3716 unum
525 3658 620 3715 adhuc
633 3657 668 3713 de
690 3657 897 3729 chronologicis
911 3660 997 3714 rebus
1011 3657 1224 3715 discutiendum

207 3751 349 3825 superest.
402 3742 521 3802 Etenim
548 3740 741 3798 adiiciendum
769 3740 893 3817 denique
923 3746 967 3797 est
996 3742 1105 3818 aliquid
1135 3743 1223 3800 ctiam

206 3836 242 3892 de
264 3833 345 3903 Polo,
367 3827 491 3902 Gorgiae
517 3826 645 3884 sociot
615 3829 702 3902 atque
723 3825 871 3899 discipule.
921 3825 1017 3882 Facile
1038 3826 1115 3883 enim
1137 3827 1223 3883 alicui

205 3916 420 3978 dubitationem
439 3911 566 3982 iniioiat,
595 3911 671 3986 quod
693 3910 742 3966 illc
770 3909 881 3966 inducit
870 3916 918 3966 tur
937 3916 971 3966 111
992 3907 1055 3979 νέος
1075 3909 1123 3967 καὶ
1145 3905 1198 3981 οξι
1190 3932 1223 3983 ς,

204 4025 233 4080 p.
264 4005 335 4060 463.
367 3998 398 4055 0.
430 3996 492 4054 coll.
522 3998 592 4052 461.
623 3995 653 4051 G.
662 3994 792 4070 ‚qualis
821 3999 897 4051 certe
925 4014 984 4050 non
1012 3995 1134 4069 amplius
1160 4015 1223 4052 esse

204 4087 317 4165 potuit,
347 4100 406 4162 quo
426 4087 556 4155 tempore
576 4098 629 4136 nos
651 4098 811 4136 sermonem
832 4078 965 4136 habitum
995 4080 1221 4149 essevolumus,

205 4171 364 4251 siquidem
372 4165 474 4226 salim
504 4163 575 4221 ab'
566 4163 623 4222 mit
623 4162 652 4220 io
677 4183 737 4220 una
765 4182 830 4220 eum
855 4163 960 4236 magist
961 4182 992 4218 ro
1019 4163 1051 4218 in
1072 4163 1222 4220 Graeciam

205 4253 385 4331 migraverit
414 4253 457 4308 At
477 4249 566 4307 enim
574 4267 644 4308 vero
665 4248 720 4304 hoc
740 4248 811 4305 utit
799 4253 1013 4315 atstatuamus
1035 4248 1117 4303 nulla
1136 4248 1221 4321 plane

205 4346 293 4416 urget
311 4335 480 4397 necessitas.
531 4333 594 4392 Imo
614 4331 732 4392 videtur
758 4332 808 4389 ille
837 4336 939 4406 postea
963 4332 1079 4388 demum
1100 4332 1223 4406 Gorgiae

204 4423 379 4512 disciplinae
407 4440 439 4487 so
456 4417 667 4485 dedidimus-
693 4435 786 4515 eaque
806 4415 982 4497 perficienda
1010 4421 1041 4475 et
1068 4417 1230 4475 excolenda-
