3242 5259
332 597 393 655 270
742 594 939 654 PLATONIS

331 766 436 840 ψυχῆς
456 756 560 835 τάξεσί
589 756 697 821 τεκαὶ
724 760 898 840 κοσμήσεσι
925 757 1066 838 νόμιμόν
1094 777 1128 818 τε
1157 755 1213 819 καὶ
1244 756 1345 837 νόμος

331 852 411 920 ὅθεν
432 855 485 919 καὶ
505 857 635 938 νόμιμοι
654 856 821 937 γίγνονται
846 855 903 918 ’καὶ
930 854 1072 936 κόσμιοι·
1101 863 1205 917 ταῦτα
1232 849 1261 916 δ’
1283 851 1345 917 ἔστι

330 954 518 1035 δικαιοσύνη
554 976 588 1017 τε
624 954 677 1018 καὶ
715 954 921 1036 σωφροσύνη.
963 954 1044 1036 φῄς,
1080 951 1100 1034 ἢ
1139 955 1197 1028 οὒς
1242 955 1343 1016 ΚΑΛ.

322 1045 459 1129 Ἔστω,
981 1063 984 1068 ’
1325 1042 1328 1047 ’

394 1149 474 1239 Gap.
496 1151 570 1216 LX.
614 1151 692 1212 ΣΩ.
731 1148 864 1212 Οὐκοῦν
897 1149 979 1230 πρὸς
1012 1155 1113 1209 ταῦτα
1143 1141 1186 1210 αὖ
1219 1143 1345 1228 βλέπων

329 1250 473 1333 ὁρήτωρ
495 1248 633 1327 ἐκεῖνος,
664 1246 846 1328 ὁτεχνικός
875 1266 909 1307 τε
938 1243 993 1307 καὶ
1018 1243 1162 1324 ἀγαθός,
1195 1243 1344 1318 καὶτοὺς

328 1349 446 1428 λόγους
476 1349 637 1429 προςοίσιι
669 1349 738 1417 ταῖς
766 1347 885 1425 ψυχαῖς
919 1336 978 1417 οὓς
1013 1341 1053 1404 διν
1083 1337 1161 1424 λέγη
1198 1342 1253 1406 καὶ
1290 1343 1344 1416 τὰς

327 1446 454 1525 πράξεις
474 1445 613 1518 ἀπάσας,
635 1441 688 1506 καί
709 1442 815 1521 δωρον
837 1439 893 1504 ἐάν
913 1463 943 1502 τι
963 1440 1058 1521 διδῷ,
1079 1440 1190 1517 δώσει,
1212 1440 1267 1504 καὶ
1289 1439 1343 1504 ἐάν

328 1568 358 1607 τι
387 1545 577 1625 ἀφαιρῆται,
606 1541 834 1622 ἀφαιρήσεται,
862 1539 944 1618 πρὸς
970 1545 1067 1601 τοῦτο
1097 1536 1146 1600 ἀεὶ
1172 1539 1233 1602 τὸν
1263 1549 1343 1604 νοῦν

277 1639 307 1702 Ε
330 1639 427 1724 έχων,
458 1636 546 1714 ὅπως
566 1638 607 1701 ἀν
629 1640 729 1702 αὐτοῦ
758 1641 826 1710 τοῖς
847 1636 990 1710 πολίταις
1016 1637 1209 1719 δικαιοσύνη
1230 1638 1290 1720 μὲν
1310 1636 1342 1700 έν

328 1745 398 1814 ταῖς
420 1742 538 1820 ψυχαῖς
557 1736 718 1819 γίγνηται,
751 1736 859 1798 ἀδικία
880 1732 914 1796 δέ
936 1734 1189 1818 ἀπαλλάττηται,
1210 1736 1267 1801 καὶ
1288 1751 1341 1798 σω-

329 1837 478 1918 φροσύνη
500 1833 558 1916 μέν
578 1834 773 1916 ἐγγίγνηται,
794 1833 951 1896 ἀκολασία
970 1830 1005 1894 δὲ
1025 1831 1272 1915 ἀπαλλάττηται,
1292 1833 1341 1897 καί

328 1935 350 2018 ἦ
370 1939 448 2016 ἀλλη
470 1929 565 2014 ἀρετίγ
587 1931 784 2013 ἐγγίγνηται,
814 1931 910 1993 κακία
930 1927 964 1992 δέ
985 1929 1080 2011 ἀπίης
1101 1936 1295 2013 συγχωρεῖς,
1321 1930 1339 2012 ἢ

329 2037 382 2108 οὒς
413 2035 515 2094 ΚΑΛ.
538 2033 713 2112 Συγχωρώ.
754 2031 832 2090 Est.
868 2027 907 2089 Τί
927 2027 989 2108 γὰρ
1017 2031 1149 2106 ὄφελος,
1178 2020 1338 2091 ὦΚαλλί-

328 2135 427 2205 κλεις,
467 2130 587 2211 σώματί
614 2150 649 2209 γε
678 2127 834 2208 κάμνοντι
864 2124 917 2188 καί
951 2129 1124 2209 μοχθηρῶς
1153 2126 1338 2211 διακειμένῳ

328 2230 411 2291 σιτία
431 2227 533 2290 πολλὰ
555 2226 679 2290 διδόναι
699 2223 753 2288 καὶ
774 2222 812 2287 τὰ
828 2222 940 2306 ἥδιστα
961 2222 1077 2305 ἢποτδι
1098 2223 1118 2304 ἢ
1140 2219 1207 2288 ἀλλ’
1223 2225 1336 2300 ὁτιοῦν,

327 2327 409 2408 ὃμὴ
436 2325 545 2407 ὀνήσει
573 2325 651 2387 αύτδ
680 2314 745 2386 ἔσθ’
777 2316 830 2385 ὅτε
859 2319 958 2385 πλέον
979 2316 1000 2404 η’
1019 2322 1232 2397 τούναντίον,
1262 2325 1337 2386 κατά

376 2613 409 2663 Ι).
427 2611 543 2676 τάξεοί
558 2629 588 2661 τε
606 2611 658 2661 καί
678 2609 715 2677 κ]
734 2628 760 2660 τε
777 2609 894 2659 additum
911 2626 944 2659 ex
961 2609 1026 2660 Ven.
1047 2611 1076 2660 Ξ.
1094 2607 1173 2660 vind.
1193 2609 1216 2660 1.
1234 2609 1259 2661 2.
1276 2608 1299 2662 6.
1316 2608 1335 2660 l.

326 2683 384 2731 Par.
403 2683 481 2730 BIV.
499 2681 568 2730 Flor.
587 2696 610 2730 a.
628 2681 652 2729 b.
670 2695 693 2728 o.
711 2679 734 2728 d.
752 2695 785 2727 m.
803 2678 878 2728 Bodl.

384 2745 515 2798 Ούκοῠν
534 2745 616 2811 πρὸς
641 2752 739 2796 ταῦτα
763 2737 802 2796 ού
820 2743 960 2810 βλέπων]
984 2736 1019 2794 αὖ
1035 2745 1124 2795 addidi
1141 2762 1175 2796 ex
1193 2747 1260 2796 Von.
1280 2747 1336 2797 ΞΣ.

326 2815 404 2865 Vind.
422 2813 446 2864 2.
465 2812 487 2864 l.
509 2815 578 2864 Flor.
597 2831 620 2868 ο.
639 2830 661 2867 ο.
680 2815 838 2865 d.n1.o.x.
862 2813 937 2863 Bodl.
955 2814 1022 2879 Aug.
1045 2815 1152 2864 Meerm.
1176 2813 1233 2864 Alii
1257 2830 1335 2865 servo-

326 2889 386 2932 runt
403 2883 447 2931 vul
468 2887 501 2931 ut.

377 2951 406 2998 Ε.
427 2899 499 3014 igar}
517 2945 633 3013 ἀνήσει
651 2945 729 2998 αύτδ
749 2945 817 2998 ἔσθ’
837 2946 886 2999 ὅτε
905 2946 965 3014 nt]
983 2949 1016 2998 V.
1032 2946 1126 3014 ύνήοη.
1162 2948 1234 2999 Ιλίαᾱ
1251 2945 1335 3016 ὀνήσει

326 3018 451 3081 praebent
468 3017 547 3066 Coisl.
564 3017 629 3065 Ven.
649 3018 708 3066 ΞΣ.
730 3016 807 3066 Vind.
825 3015 849 3067 2.
867 3015 890 3068 6.
910 3014 933 3066 7.
956 3017 1014 3066 Pur.
1032 3018 1123 3066 lVW.
1146 3018 1216 3068 Flor.
1235 3035 1259 3068 ιι.
1276 3020 1300 3069 b.
1317 3033 1335 3066 c.

326 3085 350 3134 d.
368 3102 402 3135 m.
419 3101 442 3133 ο.
460 3101 484 3132 x.
504 3082 576 3135 Bodl.
594 3085 699 3133 Meerm.
733 3085 783 3133 Pro
803 3082 861 3134 ἔσθ’
881 3083 934 3142 ὅτε,
960 3085 1029 3148 quod
1047 3084 1190 3135 cornariuo
1214 3101 1335 3151 reponun-

327 3152 386 3201 dum
404 3152 469 3201 vidit
485 3151 647 3215 firmavitque
665 3151 720 3201 cod.
732 3152 816 3215 Bodl,
832 3153 910 3202 ceteri
925 3153 987 3201 libri
1004 3169 1093 3203 omnes
1111 3170 1169 3202 oum
1188 3160 1251 3203 vett
1269 3154 1334 3202 editt.

327 3217 385 3269 ἔρδ’
403 3217 447 3269 ὅτι.
487 3220 518 3269 Id
540 3236 622 3285 nuper
646 3221 735 3270 Astius
758 3223 853 3270 mutari
876 3221 953 3270 iussit
975 3223 1003 3269 in
1026 3217 1084 3270 ἔσθ’
1103 3219 1118 3270 ὅ
1137 3240 1170 3282 τι,
1198 3222 1227 3271 in
1250 3221 1335 3286 irperrd

358 3461 391 3509 D.
416 3459 514 3509 ταῦτα
539 3455 560 3508 δ’
589 3459 654 3508 ἔστι
682 3457 804 3507 δικαιο-
855 3458 948 3506 ferus
971 3456 1005 3506 ad
1027 3457 1198 3507 Demosthen.
1216 3459 1335 3524 Apparat.

326 3526 428 3594 τύνη]
464 3529 514 3576 Int.
543 3524 570 3576 ιδ
595 3524 705 3586 νόμιμον
728 3522 803 3574 καλό
856 3527 888 3574 Τ.
911 3527 942 3574 V.
966 3540 990 3588 p.
1012 3521 1072 3574 289.
1095 3525 1177 3575 verbo
1200 3527 1336 3577 intellexit.

326 3594 404 3656 νόμον
423 3602 475 3657 aut,
498 3596 521 3645 si
539 3597 630 3658 mavis,
648 3593 674 3642 τὸ
694 3591 805 3654 νόμιμον

324 3657 393 3712 εἶναι
416 3664 458 3712 καί
483 3661 598 3722 κόσμιον.
639 3663 680 3711 De
702 3664 764 3726 Rep.
784 3662 804 3711 1.
866 3689 872 3706 ι

906 3625 970 3690 Cap.
1009 3627 1065 3677 Lx.
1117 3623 1200 3691 πρὸς
1243 3634 1334 3678 τοῦτο

855 3694 905 3742 αεὶ
930 3691 986 3743 τὸν
1012 3699 1091 3744 νοῦν
1114 3695 1264 3763 &porr-J
1288 3697 1335 3746 llx-

854 3758 986 3825 plicantur
1013 3763 1146 3826 superiora
1173 3763 1239 3814 illa:
1273 3763 1336 3828 πρὸς

856 3835 933 3879 ταῦτα
950 3821 984 3879 ού
1000 3829 1114 3894 βλέπων.
1150 3832 1220 3881 Dein
1239 3833 1267 3881 in
1284 3848 1336 3882 ver·

855 3896 896 3946 bis
918 3893 999 3946 αὐτοῦ
1022 3905 1074 3950 τοῖς
1106 3899 1223 3953 πολίταις
1252 3903 1335 3950 rectis-

855 3966 918 4014 sime
936 3982 993 4015 seso
1010 3965 1089 4016 habet
1102 3966 1246 4032 genitivus,
1264 3985 1335 4033 quem

855 4049 902 4082 our
925 4049 1037 4098 nuperus
1060 4034 1166 4098 quidam
1190 4036 1294 4087 criticus
1310 4037 1334 4084 in

855 4098 925 4167 αὐτῷ
943 4102 1087 4164 mutaverit,
1105 4118 1227 4153 caussam
1243 4102 1336 4154 intelli-

854 4171 940 4234 gimus
958 4169 1066 4220 nullom.

323 3748 347 3796 p.
365 3729 423 3782 344.
441 3733 478 3780 A:
498 3732 551 3779 ἔστι
569 3730 598 3779 δέ
617 3735 689 3779 τοῦτο
708 3747 803 3791 τνραν-

326 3803 374 3860 νίς,
392 3814 428 3848 so.
446 3795 552 3848 ἀδικεῖν.
576 3796 687 3846 Phaedr.
704 3813 729 3861 p.
746 3795 805 3846 249.

253 3874 256 3879 ’
323 3869 357 3917 B:
384 3866 427 3916 δεῖ
448 3862 497 3932 γὰρ
517 3863 665 3928 ἄνθρωπον
688 3863 805 3927 ξυνιέναι

323 3931 374 3984 κατ’
393 3929 467 3987 εἶδος
489 3930 632 4000 λεγόμενον
655 3931 683 3982 ἐκ
702 3934 805 3982 πολλῶν

324 4001 368 4052 ι’δν
391 4000 547 4068 αἰσθήσεων
572 4000 612 4053 είς
636 4000 667 4050 ἓν
691 4002 805 4065 λογισμῷ

323 4069 540 4133 ξυναιρούμενον.
575 4074 649 4118 τοῦτο
681 4067 710 4118 δέ
733 4066 803 4117 ἐστιν

323 4135 468 4204 ἀνάμνησις
492 4136 604 4187 ἐκείνων
622 4156 642 4187 κ.
662 4156 681 4185 τ,
700 4138 733 4193 l,
758 4135 804 4185 ubi

322 4213 407 4268 rente,
431 4208 533 4271 opinor,
565 4204 803 4254 Heindorfius:

324 4274 438 4329 ,,τοῦιο”,
456 4276 554 4337 inquit,
572 4275 605 4335 „i.
623 4290 645 4322 e.
665 4269 691 4321 τὸ
712 4288 801 4321 σιινυι-
886 4272 976 4336 Ε.καί
997 4270 1143 4334 ἔλαττον]
1157 4273 1221 4322 imo
1241 4275 1333 4323 etium

326 4347 384 4402 ρεῐν
400 4343 512 4407 λογισμῷ
537 4341 576 4393 είς
600 4342 630 4389 ἓν
649 4339 743 4392 πολλὰς
761 4340 801 4388 αι’·
853 4339 972 4388 minus.
1007 4339 1087 4388 Huno
1114 4341 1239 4390 vocabuli
1262 4357 1334 4390 usum

326 4406 457 4473 οθήοοιο.”
481 4410 575 4459 Paullo
593 4410 667 4458 aliter
685 4409 802 4458 Sohae-
855 4407 930 4472 attigi
944 4407 977 4456 οδ
985 4407 1096 4473 Apolog.
1107 4408 1206 4459 Socrat.
1217 4425 1243 4474 p.
1250 4407 1334 4473 23.Α.,
