3242 5259
329 595 386 653 158
739 588 933 649 Puaroms

327 757 369 831 ὡς
386 755 476 832 ἔοικε,
494 754 548 818 καὶ
564 753 651 835 παρὰ
666 757 727 817 σοῦ
740 751 793 817 καὶ
804 745 872 834 παρ’
894 749 972 832 ἐμοῦ
987 740 1197 830 ὁμολογεῖται.
1221 748 1329 810 ΠΩΑ.

328 856 404 918 Ναί,
434 856 511 917 ΣΩ.
535 847 674 916 Πότε
635 857 696 916 οὐν
713 853 753 915 σὺ
769 845 834 934 φῂς
849 854 982 932 ἄμεινον
1001 841 1200 969 ιλνοιιτοιιλια
1215 849 1332 919 acesim

326 950 452 1033 ιλπέ,ί
422 956 494 1016 τίνα
512 945 590 1032 ὅρον
605 950 710 1032 ὁρίζει.
744 952 855 1012 ΠΩΛ.
877 944 977 1011 Σὺ
944 967 1002 1029 μιν
1020 938 1088 1023 οὖν,
1111 937 1137 1007 ὦ
1152 943 1330 1024 Σώκρατες,

277 1045 497 1133 Οᾶιιόκριναι
516 1051 614 1113 ταύτὸ
633 1059 737 1112 τοῦτο.
779 1050 856 1112 Ede.
873 1041 962 1128 Ἐγὼ
982 1043 1041 1127 μὲν
1061 1045 1174 1108 τοίνυν
1195 1043 1289 1124 φημί,
1309 1043 1331 1104 ὠ
1389 1090 1394 1105 .

327 1153 438 1227 Πώλι,
472 1149 501 1211 c'i
520 1162 571 1211 σοι
590 1141 662 1228 παρ’
684 1144 762 1228 ἐμοῦ
784 1143 911 1228 ἣδιόν
895 1159 981 1208 εστιν
1000 1143 1143 1217 duodece,
1175 1141 1256 1204 dcccv
1276 1139 1331 1222 μὲν

326 1249 641 1322 decederedecedera
661 1255 747 1328 ποιῇ,
775 1249 907 1326 ἄμεινον
928 1237 1020 1321 εἶναι,
1050 1241 1127 1305 ὅταν
1148 1239 1184 1302 δὲ
1204 1233 1329 1313 ἀδίκως,

325 1369 470 1531 κακιὸζρ.
493 1443 620 1509 XXVI
665 1440 775 1502 ΠΩΛ.
823 1438 972 1501 Χαλεπόν
998 1433 1034 1518 με’
1063 1451 1098 1498 σε
1127 1433 1267 1515 ἐλέγξαι,
1307 1418 1330 1496 ὦ

326 1549 507 1627 Σώκρατες,
529 1536 594 1605 ἀλλ’
611 1541 733 1623 οὐχλ
694 1564 755 1604 nav
770 1545 845 1614 παῖς
861 1558 895 1603 οε
908 1537 1103 1620 ἐλέγξειεν,”
1085 1559 1134 1600 οτι
1149 1538 1211 1600 οὐκ
1226 1537 1330 1618 ἀληθῆ

325 1641 441 1725 λέγειςς
464 1644 538 1707 Edi.
564 1640 694 1722 Πολλὴν
715 1642 778 1720 ἄρα
799 1635 861 1719 ἐγὼ
881 1642 926 1725 τῷ
947 1637 1035 1700 παιδὶ
1056 1637 1149 1718 χάριν
1169 1633 1239 1713 ἔξω,
1260 1635 1331 1718 ’lupe

378 1825 459 1878 Πότε
481 1818 543 1876 οὖν
568 1825 604 1874 οὐ
628 1820 689 1889 φῂς
713 1819 775 1890 ἄμ]
802 1822 883 1873 Codd.
902 1819 1021 1886 Πότερον
1044 1812 1106 1880 οὖν,
1130 1821 1248 1901 exceptis
1264 1819 1330 1871 Flor-

326 1912 348 1946 a.
367 1912 387 1945 s.
404 1897 509 1946 Mcerm
521 1894 588 1960 Aug.
614 1893 663 1943 Sed
681 1893 758 1942 unice
775 1907 838 1941 vera
854 1895 893 1941 est
909 1890 1016 1957 vulgata
1032 1889 1119 1956 lectio,
1133 1889 1211 1939 sicuti
1227 1893 1330 1954 apparet

326 1981 358 2015 ex
373 1962 534 2029 praecedenti
552 1960 637 2011 ἐνίοτε
655 1959 710 2021 μέν,
729 1958 813 2010 ἐνίοτε
831 1956 867 2009 δέ.

325 2139 443 2217 poterant
459 2133 496 2182 sic
513 2131 654 2182 enuntiari·
671 2129 744 2180 εἰδὲ
761 2130 803 2197 μή,

326 2199 353 2252 τὸ
376 2200 459 2284 μέγα
462 2198 599 2250 δύνασθαί
621 2214 661 2248 σοι
686 2203 804 2261 parserat

325 2261 459 2320 κακὸν
431 2286 498 2318 ειναι
524 2269 567 2317 καὶ
593 2262 700 2330 σμικρὸν
723 2263 802 2316 δονα-

326 2340 397 2396 οθαι,
421 2339 472 2388 sin
489 2337 598 2386 minus
617 2335 726 2400 (utilitas
743 2335 803 2391 inde

325 2406 460 2470 capiatur),
472 2405 803 2470 magnempotentiam

325 2489 395 2525 esse
423 2473 594 2523 malumst
584 2480 732 2522 trevere
754 2488 803 2520 ex-

325 2543 433 2623 iguem
460 2541 654 2623 potentium.
689 2540 804 2605 Apparet

325 2612 394 2660 enim
410 2610 558 2676 posterioris
569 2624 678 2691 ιμιοιμιο
694 2608 803 2658 membri

325 2679 469 2729 subiectum
483 2693 538 2727 esse
550 2674 576 2726 τὸ
590 2676 653 2759 pe'yo
663 2673 802 2726 δυναοθαι.

359 2748 388 2796 Β.
426 2742 471 2794 Σὺ
499 2744 558 2805 μὲν
584 2736 701 2794 οὖν-
727 2740 801 2795 ἀπό-

327 2829 438 2877 κριναι
461 2808 558 2862 ταύτὸ
590 2811 701 2878 τοῦτο]
728 2815 762 2864 Η
780 2828 801 2861 e.

327 2883 452 2942 [motu,
471 2881 615 2941 Socrat,e
633 2879 802 2941 idemhoc,

326 2946 411 3016 quod
440 2963 478 2997 ex
504 2963 550 2996 me
582 2949 729 3012 quaeris,
760 2964 803 2997 re-

326 3015 455 3082 sponde.
479 3015 552 3065 N1h1l
564 3031 671 3065 caussae
689 3023 734 3079 cst,
757 3032 803 3065 our

326 3085 470 3135 scribamus
503 3099 563 3133 oum
598 3084 802 3135 Heindorfio

326 3149 465 3215 ἀπόκριναι
483 3147 560 3204 αὐτὸς
578 3156 665 3210 τοῦτο,
690 3152 877 3237 quaudo-'D

325 3221 428 3303 quidem
451 3222 521 3270 notio
543 3221 702 3285 pronominis
724 3216 803 3273 αοίόι

325 3292 378 3340 iarn
406 3289 551 3339 continetur
578 3288 624 3338 illo
655 3286 701 3349 ου’,
734 3287 803 3353 quod

325 3359 362 3408 sic
384 3357 413 3407 in
434 3357 561 3439 principio
585 3357 708 3407 orationis
726 3356 802 3407 collo-

325 3432 411 3479 ectum
442 3423 554 3476 ιόνωοιν
582 3426 666 3475 habet
713 3426 802 3490 Neque

324 3492 463 3563 probamus
493 3492 576 3576 quod,
593 3510 625 3543 ex
655 3494 803 3544 coniectura

325 3562 405 3614 edidit
422 3556 576 3612 Coraes'
554 3558 699 3642 ,απόκριναι
717 3565 803 3628 σαυτῷ

325 3635 406 3681 τοῦτο.
443 3629 518 3693 Quod
539 3631 562 3679 si
579 3631 653 3680 Plato
670 3630 802 3713 voluisset,

325 3698 481 3784 scripsisset,
510 3699 614 3763 opinor,
646 3693 732 3750 Αὐιόι
753 3698 803 3760 μὲν

325 3759 418 3818 οὗν-
427 3763 645 3830 ἀπόκριναισῃι

359 3834 421 3900 Cep.
444 3835 539 3885 XXVI
575 3834 604 3885 G.
648 3831 869 3902 Xeierrdvp

325 3920 410 3970 γι-
426 3901 547 3984 λέγειι;
553 3900 562 3967 ]
585 3902 626 3952 Ad
644 3901 736 3952 verba
758 3920 801 3967 χα-

324 3968 405 4021 λεπόν
422 3969 452 4037 γε’
470 3986 499 4020 οι
517 3968 625 4036 ἐλέγξαι,
651 3961 736 4030 orl„
759 3987 801 4021 re·

325 4041 424 4090 tissime
454 4038 608 4090 Scholiasta:
642 4033 694 4087 κατ’
723 4036 800 4101 εἰρω-

327 4111 400 4158 νείαν
417 4103 493 4157 τοῦτο’
511 4121 604 4171 φησιν,
629 4102 664 4159 oie
677 4105 798 4188 ‘teror
774 4125 801 4158 ιο

326 4173 496 4242 ἐπαγόμενον.
522 4174 556 4223 Ει
573 4175 610 4225 sic
627 4173 657 4241 γὲ
675 4175 703 4223 iu
720 4175 805 4226 ironia

325 4260 377 4294 non
387 4245 542 4308 infrequens.
553 4259 577 4291 v.
589 4245 762 4294 Maetzner.
771 4245 804 4295 ad

326 4312 437 4377 Lycurg.
448 4328 471 4376 p
483 4309 540 4362 302
567 4312 689 4362 Proxima
706 4312 804 4363 Hein-

326 4378 451 4429 dorfius
484 4380 549 4428 citra
578 4380 801 4446 interrogationem

855 2130 1004 2196 accipienda
1039 2129 1148 2195 putabat
1179 2146 1239 2179 cum
1270 2129 1331 2178 Ste-

854 2201 976 2266 phano,
1007 2215 1040 2250 ne
1069 2199 1189 2249 subito
1181 2215 1210 2247 1n
1239 2198 1330 2248 serium

854 2275 965 2318 verteret
981 2267 1071 2318 oratio.
1105 2266 1156 2318 Sed
1172 2268 1210 2316 ita
1227 2265 1332 2316 offendit

854 2337 923 2387 istud
941 2332 1004 2396 κᾶν,
1027 2334 1096 2401 quod
1112 2335 1178 2385 foret
1194 2334 1274 2400 plane
1291 2335 1331 2383 ab·

854 2405 967 2454 surdum.
1001 2404 1077 2454 Unde
1099 2404 1140 2452 vir
1160 2403 1252 2453 doctus
1269 2400 1332 2452 illud

854 2474 882 2521 in
905 2470 938 2522 ἂν
959 2474 1086 2531 mutatum
1107 2470 1221 2522 volebat.
1255 2470 1332 2535 Equi·

855 2541 912 2591 dem
928 2540 1155 2620 interrogationem
1174 2539 1333 2590 retinendam

854 2609 970 2659 arbitror.
1005 2608 1081 2672 Quod
1103 2608 1173 2658 enim
1196 2607 1279 2658 Polus
1300 2605 1332 2657 ab

854 2678 971 2728 irrisione
979 2683 1084 2742 repente
1092 2677 1186 2726 transit
1197 2675 1231 2726 ad
1241 2675 1333 2725 seriem

854 2746 922 2795 hano
937 2746 1171 2810 reprehensionem,
1187 2743 1215 2793 id
1233 2744 1334 2810 egregie

854 2814 970 2881 depingit
980 2815 1118 2875 hominem,
1136 2814 1181 2879 qui
1192 2818 1232 2863 est
1247 2813 1332 2863 animo

853 2883 917 2932 adeo
943 2889 1082 2945 commoto,
1109 2889 1139 2932 ut
1165 2881 1333 2932 acerbissima

854 2966 970 3016 quaeque
1004 2951 1032 3000 in
1067 2951 1198 3001 Socratem
1233 2949 1331 3000 effutire

854 3018 962 3069 studeat.
1004 3019 1064 3070 Non
1095 3017 1249 3068 mutandum
1277 3031 1333 3068 esse

853 3083 961 3137 1llud
929 3104 979 3137 καν
988 3085 1081 3137 docent
1092 3089 1169 3138 etiam
1179 3086 1259 3153 illsp
1260 3083 1333 3141 471.

880 3152 978 3216 .,ubi
1000 3155 1119 3206 Socrates
1147 3154 1180 3205 ad
1203 3155 1270 3206 haec
1295 3169 1332 3204 re

854 3224 979 3308 spiciens:
1006 3223 1049 3273 καλ
1070 3227 1119 3272 νῦν
1135 3219 1195 3272 ἄλλο
1216 3242 1239 3272 τι
1256 3213 1332 3274 ονιόι

854 3287 953 3340 ἐστιν*
938 3308 952 3339 ο
966 3287 1050 3358 λόγος,
1070 3282 1132 3355 ᾦμι
1149 3287 1239 3341 καὶ
1222 3309 1258 3340 αν
1275 3297 1333 3344 narr

855 3356 997 3424 ἐξελέγξειε.

886 3429 919 3477 D.
939 3424 1235 3494 ἐχθὲικαλπρολην]
1254 3444 1333 3492 quae

854 3495 1051 3547 acciderunt
1067 3495 1188 3546 nudius
1206 3496 1333 3559 tertius,

853 3563 879 3613 h
901 3580 922 3613 e.
945 3579 1010 3613 non
1035 3565 1083 3615 ita
1108 3563 1251 3630 pridem,
1280 3582 1332 3616 nu·

853 3631 1002 3696 perrime
1042 3630 1115 3683 Alibi
1137 3631 1235 3716 legitur
1255 3634 1332 3685 etim

853 3699 917 3764 χθὲς
939 3700 982 3750 καλ
1006 3699 1098 3766 πρώην
1128 3705 1153 3751 ct
1176 3698 1268 3767 πρώην
1289 3703 1331 3753 καλ

853 3766 923 3832 χθέι.
941 3785 965 3817 v
983 3767 1124 3819 Lobeok.
1141 3768 1175 3819 ed
1191 3769 1332 3834 Phrynich.

871 3833 957 3886 ,323
1002 3836 1169 3887 Hlustrarunt
1205 3838 1331 3890 formulae

852 3919 929 3954 usum
960 3904 1069 3970 interpp
1101 3904 1135 3956 od
1164 3904 1302 3974 Aristop
1307 3908 1331 3957 h.

852 3973 934 4022 Rann
968 3989 993 4022 v.
1020 3971 1078 4024 738.
1113 3973 1266 4025 Gateker.
1285 3924 1333 4026 1'ad

853 4041 948 4090 Anton.
965 4040 999 4103 X,
1016 4039 1040 4092 7.

885 4078 1064 4172 Ἀρχέλαον
1110 4106 1217 4174 δήπου
1263 4117 1331 4162 τοῦ·

858 4195 913 4227 ιον
930 4175 1010 4243 -],
1012 4177 1184 4237 „Aroheiaus
1209 4178 1242 4228 de
1259 4181 1333 4231 cuius

856 4246 1014 4295 facinoribus
1024 4247 1068 4296 hic
1079 4247 1136 4296 fuse
1153 4248 1248 4311 agitur,
1265 4249 1332 4299 haud

854 4328 946 4378 purum
971 4321 1062 4379 putum
1084 4321 1137 4365 erat
1159 4315 1246 4366 scelus
1269 4318 1333 4379 sive,

854 4387 883 4431 ut
899 4381 1052 4446 loquuntur,
1070 4383 1144 4434 nulla
1166 4384 1263 4436 virtute
1278 4385 1333 4438 red·
