3242 5259
376 570 415 624 82
646 611 649 622 ι
711 612 712 615 ι
744 561 748 567 ’
777 562 974 624 Pulmonis

377 750 443 792 ταν
463 726 675 810 δημιουργός,
706 725 899 807 ἀνεκρίνατο
921 725 963 790 διν
982 725 1089 809 δήπου
1108 739 1177 804 σοι,
1209 717 1260 790 ὅτι
1279 737 1398 789 exuro·

378 826 484 907 τόμος.
506 824 527 907 ἢ
549 824 589 888 οὐ
609 822 797 906 μανθάνεις,
820 824 863 898 ὡς
882 822 983 907 λέγοις

374 949 376 954 ·
444 924 524 1013 Cap.
546 923 591 988 H.
637 928 726 988 XAI.
763 925 941 989 Μανθάνω
969 924 1024 989 ιιαὶ
1053 924 1215 1007 ἐρήσομαι.
1245 959 1282 969 -
1312 915 1399 986 Εἰπέ

379 1049 449 1109 μοι,
480 1019 511 1087 ὦ
527 1022 666 1104 Γοργία,
695 1023 802 1104 ἀληθῆ
824 1019 906 1104 λέγει
929 1025 1109 1104 Καλλικλῆς
1129 1020 1200 1099 ὅδε,
1232 1013 1282 1084 ὅτι
1303 1017 1400 1102 ἐπαν-

378 1119 482 1206 pitter
501 1122 735 1200 ἀποκρίνεσθαι
756 1115 775 1182 ὅ
795 1142 825 1183 ιι
840 1125 882 1184 ἄν
902 1120 950 1196 τίς
965 1135 999 1184 σε
1014 1118 1132 1202 {aaron
1154 1122 1248 1183 ΓΟΡ.
1269 1118 1399 1201 Ἀληθῆ,

296 1223 358 1288 448
381 1214 407 1285 ὦ
426 1223 614 1302 Χαιρεφῶν·
635 1216 688 1281 καὶ
710 1217 771 1299 γὰρ
793 1227 856 1282 νῦν
872 1216 912 1301 δὴ
934 1217 1016 1282 αὐτὰ
1031 1229 1131 1282 ταῦτα
1148 1216 1402 1299 ἐπηγγελλόμην,

344 1368 346 1373 -
381 1319 434 1384 καὶ
454 1318 555 1400 λέγω,
585 1311 633 1381 ὅτι
655 1316 760 1390 οὐδείς
780 1318 819 1398 με’
839 1339 889 1380 πω
909 1317 1051 1399 ἠρώτηκε
1070 1317 1186 1380 καινὸν
1206 1311 1304 1378 οὐδὲν
1322 1317 1401 1378 πολ-

381 1421 448 1481 λῶν
469 1413 558 1480 ἐτῶν.
597 1417 687 1477 ΧΑΙ.
705 1402 750 1476 Ἦ
764 1434 830 1477 ιιον
850 1417 913 1495 ἄρα
934 1413 1051 1499 ῥᾳδίως
1071 1414 1246 1495 ἄνονρινεῖ,
1270 1403 1296 1475 ὦ
1318 1415 1399 1494 Γορ-

381 1517 445 1599 piu.
487 1515 583 1576 ΓΟΡ.
606 1513 745 1594 Πάρεοιι
765 1512 884 1576 τούτου
904 1517 1038 1593 νεῖραν,
1061 1503 1086 1574 ὦ
1108 1513 1300 1593 Χαιρεφῶν,
1321 1514 1399 1593 λαμ-

382 1615 503 1697 βάνειν.
539 1612 649 1673 HM.
673 1606 727 1692 Νη
748 1610 832 1673 Δία·
854 1609 896 1673 δν
917 1609 951 1674 δέ
971 1617 1008 1691 γε
1027 1610 1141 1694 βούλη,
1164 1603 1189 1672 ὦ
1212 1612 1400 1691 Χαιρεφῶν,

432 1780 466 1828 D.
501 1774 704 1839 pavescere,
722 1773 763 1830 eis
781 1775 876 1843 λέγω]
895 1777 963 1827 Vett.
979 1776 1050 1828 editt
1063 1791 1123 1826 cum
1134 1777 1193 1827 Par.
1209 1777 1274 1826 EF.
1294 1772 1309 1826 ὃ
1326 1774 1402 1843 λέγω.

381 1846 451 1898 Illud
468 1847 520 1896 iam
537 1847 597 1896 Bas.
614 1845 638 1896 2.
656 1844 769 1895 exhibet.

434 1911 643 1980 ἐπαγγέλλει]
673 1914 705 1964 V.
729 1911 880 1979 ἐπαγγέλλῃ.
916 1911 1033 1962 Alteram
1055 1911 1165 1962 formam
1187 1911 1232 1961 hic
1254 1915 1281 1961 et
1302 1912 1402 1977 ubique

383 1983 472 2033 Clark.
484 1980 611 2046 praebuit,
628 1981 687 2031 aliis
697 1980 772 2032 libris
783 1983 828 2031 hio
838 1987 864 2031 et
874 1980 930 2030 illic
945 1980 1156 2031 assentientibus.
1191 1981 1231 2031 De
1249 1994 1301 2044 quo
1318 1980 1401 2030 semel

382 2051 514 2102 monuisse
532 2051 595 2100 satis
613 2050 669 2098 erit.
703 2050 754 2099 Pro
772 2046 968 2113 ἀποκρίνεσθαι
985 2064 1052 2098 unus
1069 2049 1128 2097 Par.
1146 2047 1167 2097 1.
1184 2042 1401 2111 ἀποκρινεῖσθαι.

383 2121 510 2169 Praesens
533 2119 649 2167 omnium
676 2116 834 2236 malignorum
859 2117 1010 2166 auctoritate
1034 2116 1164 2167 firmatum
1181 2131 1233 2179 qua
1250 2114 1309 2182 lege
1325 2131 1403 2166 usur·

383 2194 470 2253 petar,
493 2185 526 2238 ed
544 2185 642 2235 Criton.
664 2199 689 2250 p.
709 2183 726 2236 5
744 2221 750 2235 .
769 2185 799 2235 C.
817 2187 849 2235 D.
873 2185 1087 2251 significavimus.
1125 2185 1235 2234 Temere
1257 2198 1342 2250 nuper
1363 2185 1401 2234 fu-

383 2262 471 2304 turum
488 2254 683 2318 adoptaverunt.
791 2316 793 2321 .

418 2389 525 2455 Capll.
537 2385 708 2439 Μανθάνω
727 2390 779 2439 καὶ
798 2384 866 2453 s'pr'p
886 2421 898 2484 η
917 2387 1399 2468 pretanturvett.grammatiei=watr3

384 2457 866 2592 tt1ttt..‘.l.ill².ll¹..l².ttf¹tlt
889 2488 893 2516 ²
917 2453 1329 2588 litthlllltlttl⁸⁰⁰
1346 2455 1400 2506 ¹⁰³¹

384 2595 544 2659 colloquium
563 2609 623 2644 cum
642 2593 740 2659 Gorgia
757 2600 782 2642 et
799 2592 864 2642 Polo

384 2663 536 2715 instituitur.
791 2725 792 2729 Ἰ
951 2656 1045 2708 Hel.
1081 2657 1131 2725 Νὴ
1155 2657 1320 2726 Ales-l
1361 2660 1400 2709 De

418 2731 448 2779 P.
464 2728 524 2782 448.
547 2727 594 2779 ὅτι
612 2725 725 2779 οὐδείς
747 2725 785 2788 με’
809 2725 864 2794 πω]
917 2726 982 2776 ΡοΙο
999 2725 1164 2777 Ronthius
1181 2726 1215 2776 ad
1231 2726 1257 2776 h.
1275 2726 1309 2779 L':
1327 2727 1400 2790 „Po-

385 2795 485 2848 Schola
504 2793 532 2846 τὸ
551 2793 668 2847 οὐδείς
687 2813 732 2844 πω
749 2790 808 2853 ἀντὶ
819 2800 865 2845 τοῦ
917 2793 983 2857 lus,
1006 2795 1092 2844 rhetor
1108 2795 1310 2861 Agrigentinus,
1338 2795 1401 2846 Gor-

386 2861 423 2915 οὖ
452 2862 587 2914 πώποτε.
617 2863 659 2913 καὶ
689 2859 865 2927 Θονκυδίδης·
916 2863 977 2928 giae
991 2862 1092 2912 auditor
1108 2863 1166 2926 fuit,
1184 2863 1230 2927 qui
1247 2860 1281 2913 ob
1299 2863 1401 2913 institu-

386 2927 506 2984 οδδεία
523 2949 576 2980 πω.
595 2946 619 2985 v.
631 2931 774 2994 Thucyd.
792 2931 812 2994 Ι,
824 2929 864 2984 32.
916 2931 1013 2980 tionem
1030 2931 1144 2995 praemio
1161 2930 1256 2995 amplo,
1277 2935 1309 2981 nt
1325 2931 1402 2982 refert

384 2997 426 3053 37.
451 2998 491 3050 76.
513 2999 547 3051 al.
573 2998 703 3048 Videlicet
728 3004 865 3063 utrumque
916 2998 1099 3060 Philostratus,
1116 2998 1228 3049 donatus
1241 3003 1290 3062 est,
1308 2999 1401 3064 quippe

385 3067 562 3128 rectedicitur‚
572 3062 691 3118 ολούδείε
700 3083 739 3116 πω
747 3062 865 3120 erotesis
917 3083 997 3130 quum
1013 3067 1095 3116 Polus
1113 3067 1191 3116 fuerit
1207 3066 1360 3116 ditissimus.
1377 3082 1402 3116 v.

385 3132 497 3193 πώποτε,
514 3135 559 3185 sed
571 3151 624 3184 non
635 3135 691 3184 sine
709 3134 797 3199 aliqua
808 3151 865 3186 scn-
917 3131 1401 3200 Philostr.vitt.50phist12.lp.500.

385 3204 482 3253 tentiae
499 3202 656 3256 diversitate.
692 3204 803 3253 Gravius
826 3208 866 3253 est
898 3197 1037 3252 Memmii
1057 3203 1114 3252 eius
1137 3218 1195 3252 cum
1218 3201 1279 3252 aliis
1295 3202 1402 3266 inclytis

385 3272 455 3322 enim
476 3271 526 3322 hoc
549 3287 627 3336 quam
649 3271 759 3321 alterum
775 3266 865 3323 οὐδείς
917 3271 1039 3335 sophistis
1050 3271 1077 3320 in
1089 3270 1194 3336 Theage
1211 3285 1316 3335 quoque
1326 3268 1401 3320 Plato

386 3356 433 3389 πω.
468 3340 577 3390 Prorsus
594 3338 684 3390 eodem
703 3354 794 3389 sensus
815 3339 865 3389 dis·
916 3354 941 3404 p.
951 3336 1008 3388 128.
1018 3340 1049 3388 A.
1065 3343 1091 3389 et
1099 3338 1126 3388 in
1135 3338 1254 3388 Phaedro
1268 3353 1294 3404 p.
1303 3335 1363 3390 267.
1372 3336 1402 3388 O.

384 3408 491 3458 crimine
508 3424 557 3458 nos
574 3407 685 3458 dicimus
703 3407 789 3457 λιιλιιον
800 3406 866 3456 uocis
916 3405 1051 3456 Nonnulla
1064 3407 1174 3471 scripsit,
1192 3406 1223 3457 de
1238 3407 1334 3470 quibus
1346 3405 1401 3456 Sui-

384 3475 519 3526 hatdieses
533 3476 640 3541 pasalan
657 3482 682 3525 et
697 3475 784 3525 kaiser
800 3474 866 3524 ιιοολι
917 3474 977 3524 dam
993 3475 1124 3524 consulas.
1147 3476 1226 3525 Hunc
1238 3481 1326 3525 antem
1339 3479 1402 3525 tem·

383 3543 429 3593 irat
458 3544 538 3594 dieses
561 3543 656 3609 jerunta
682 3542 788 3607 gession
821 3558 865 3608 pa·
917 3558 995 3607 quam
1016 3543 1045 3592 in
1068 3542 1190 3592 affectata
1213 3543 1331 3594 oratione
1351 3541 1402 3592 sibi

383 3613 494 3676 ritcrque
511 3613 600 3662 Latini
616 3611 758 3661 nondum
781 3612 865 3675 quis·
916 3611 1060 3675 placentem
1085 3610 1143 3659 risit
1169 3615 1257 3661 noster
1282 3609 1402 3676 pluribus

353 3696 356 3701 ·
384 3694 486 3743 quarn
521 3685 548 3729 et
580 3679 736 3760 nentium
770 3680 865 3744 quis·
916 3675 1402 3759 locis,utp.448.0.462.B3Phaedr.

384 3754 692 3865 ttttmlltlttlt
701 3748 865 3881 ἓέλῖἷὲιὲἔ
916 3743 1402 3879 ttiiltlilssltlctlttfsst‘tr

383 3885 518 3934 sententiis
535 3899 660 3948 usurpare
678 3884 786 3935 soleant.
813 3884 865 3932 De·
915 3883 1134 3948 taminsignesin
1151 3881 1256 3947 dialogo
1274 3883 1403 3932 sustinere

383 3951 443 4003 inde
469 3953 593 4002 πολλῶν
622 3949 704 4001 ἐτῶν
727 3957 766 4003 est
788 3951 865 4001 mul·
915 3952 978 4000 iacit
999 3950 1088 4013 Plato,
1114 3953 1145 3998 ut
1169 3949 1294 4016 Gorgiam
1315 3950 1403 4001 minus

382 4023 490 4070 torum
536 4035 695 4070 annorum
746 4020 864 4083 spatio.
917 4023 1005 4083 aperte
1028 4018 1155 4068 lacessere
1180 4017 1311 4078 videatur,
1341 4017 1403 4068 dum

353 4105 354 4108 ¹
383 4087 424 4138 Cf.
459 4085 865 4141 pronuntiantium.
916 4086 1081 4151 peristeram
1094 4085 1184 4148 latera,
1200 4091 1231 4135 nt
1247 4087 1286 4136 ita
1301 4085 1403 4151 loquar,

384 4155 406 4216 §-
424 4104 483 4210 31717.
500 4152 525 4206 2.
542 4154 567 4208 b.
585 4171 608 4206 o.
622 4184 654 4193 -
666 4146 699 4204 Ἠ
715 4172 777 4205 που
795 4151 865 4218 ἄρα,
916 4154 1067 4219 primarium
1079 4153 1156 4206 illum
1165 4153 1307 4220 magnique
1319 4153 1403 4205 nomi·

380 4224 468 4288 peotes
490 4223 555 4273 wohl
582 4222 636 4273 oleo
657 4224 728 4274 wirnt
756 4223 792 4273 da
820 4223 867 4272 mit
915 4223 957 4275 nis
970 4220 1156 4288 sophistamob
1169 4221 1346 4286 eloquentiam
1362 4221 1403 4272 fn·

383 4282 863 4357 Leichtiqkeitontworten.Namriuov
915 4296 999 4340 catam
1022 4289 1155 4355 falsasque
1176 4290 1316 4356 opiniones
1331 4288 1403 4341 olm

383 4365 423 4408 est
443 4360 460 4408 i.
480 4375 503 4423 q.
527 4356 610 4412 ὄντων
634 4377 700 4419 πον,
732 4365 762 4410 ut
785 4360 864 4409 inten-
914 4363 941 4410 et
956 4357 1057 4409 occulto
1073 4356 1167 4425 pew
1198 4356 1282 4411 le
1302 4358 1350 4425 qui
1367 4357 1403 4411 (le
