3242 5259
376 605 437 658 292
785 600 982 660 PLATONIS

377 764 442 824 seio
464 763 694 844 συμπλεόντων
723 763 783 826 οὐκ
805 761 901 836 ἐάσας
921 767 1215 845 καταποντωθῆναι
1243 761 1300 827 καὶ
1326 762 1393 838 οὕς-

378 882 468 933 τινας
488 856 646 941 έβλανεν,
675 861 774 937 εἰδὼς,
804 859 853 923 ὅτι
874 859 970 923 οὐδὲν
992 859 1111 935 αὐτοὺς
1132 861 1281 942 βελτίους
1301 859 1394 942 ἐξεβλ-

293 983 356 1048 512
378 958 476 1037 βασεν
497 958 516 1039 ἢ
539 952 602 1022 οἷοι
624 955 780 1041 ἐνέβησαν
802 962 875 1021 οὔτε
896 957 935 1020 τὰ
956 959 1086 1038 σώματα
1107 961 1181 1021 οὔτε
1201 957 1260 1076 τβς
1280 962 1392 1042 ψυχας.

378 1058 533 1137 λογίζεται
554 1051 623 1131 οὖν,
646 1055 695 1119 ὅτι
716 1057 793 1131 οὐκ,
816 1055 843 1117 εἰ
863 1051 923 1136 μέν
942 1077 990 1128 τις
1009 1057 1158 1135 μεγαλοις
1178 1079 1233 1119 και
1254 1057 1395 1132 ἀνιάτοις

378 1155 537 1235 νοσήμασι
574 1154 653 1216 κατὰ
690 1153 726 1216 τὸ
761 1161 853 1231 σωμα
889 1153 1102 1235 συνεχόμενος
1142 1153 1187 1235 μὴ
1223 1154 1393 1237 ἀπεπνίγη,

311 1295 314 1299 ⁷
379 1253 474 1325 οὑτος
502 1250 560 1333 μὲν
581 1252 696 1326 ἄθλιός
723 1244 878 1326 έστιν,’
859 1273 908 1313 οτι
936 1250 996 1314 οὐκ
1024 1249 1187 1329 ἀπέθανε,
1218 1274 1274 1315 και
1301 1253 1394 1316 οὐδέν

379 1341 432 1412 ὑπ’
453 1350 555 1412 αὐτοῦ
577 1347 752 1429 ὠφέληται·
784 1349 811 1411 ελ
832 1345 866 1411 δέ
886 1371 933 1422 τις
955 1371 1019 1429 αμα
1047 1347 1082 1412 iv
1103 1353 1147 1436 τῷ
1167 1355 1229 1414 τοῦ
1250 1352 1394 1431 σώματος

379 1442 562 1528 τιμιωτέρῳ,
592 1456 631 1529 τῇ
658 1455 764 1528 ψυχῇ,
793 1446 897 1509 πολλὰ
917 1448 1083 1528 νοσήματα
1104 1444 1165 1530 ἔχει
1193 1447 1253 1510 καὶ
1269 1446 1392 1519 ἀνίατα,

379 1546 484 1626 τούτῳ
505 1543 539 1608 δέ
560 1541 694 1624 βιωτέον
723 1542 788 1606 ἐστὶ
817 1543 870 1607 καὶ
896 1554 1014 1607 τοῦτον
1035 1542 1198 1626 ὀνήσειεν,
1228 1548 1271 1608 ἄν
1301 1566 1335 1608 τε
1363 1543 1393 1608 ix

379 1642 540 1723 θαλάττης
567 1645 608 1704 ἄν
628 1663 661 1704 τε
683 1640 717 1705 ἐκ
739 1642 948 1723 δικαστηρίου
977 1645 1020 1705 ἄν
1040 1663 1073 1703 τε
1093 1645 1236 1706 ἄλλοθεν
1257 1642 1393 1706 ὁποθεν-

383 1846 555 1915 Αἰγύπτου
538 1869 554 1915 η
572 1849 600 1899 έκ
618 1846 724 1899 Πόντου
742 1847 802 1914 τύχη
823 1847 942 1908 σοι’σαοα,
965 1846 981 1899 ἃ
1001 1855 1051 1900 νῦν
1074 1849 1107 1916 δὴ
1125 1851 1230 1968 ilsyolv,
1254 1853 1297 1902 καὶ
1316 1848 1393 1902 αυτὸν

380 1917 423 1967 καὶ
442 1917 535 1969 παῖδας
553 1920 595 1967 καὶ
612 1915 732 2001 χηήμαια
744 1918 786 1967 καὶ
804 1924 943 2002 γυναῖκας,
971 1913 1205 1982 ἅτοβιβάοαοαί
1177 1936 1218 1971 ss
1236 1915 1283 1970 τὸν
1300 1918 1392 1980 λιμένα,

379 1983 429 2034 ἐὰν
446 1985 575 2045 πάμπολυ,
595 1982 686 2050 ταύτης
704 1990 746 2050 τῆς
763 1982 875 2050 μεγάλης
892 1981 1047 2050 εὐεργεσιαε
1065 1986 1112 2036 δύο
1132 1983 1248 2069 &popufis
1260 1984 1392 2069 έπμαξατο.

380 2055 450 2103 Iusto
469 2053 610 2114 audacius,
628 2069 676 2103 nee
693 2069 758 2118 opus
776 2058 816 2102 est
833 2054 976 2103 mutatione
992 2054 1056 2103 ulla.
1090 2054 1179 2105 Verba
1196 2050 1246 2105 ἐὰν
1264 2053 1345 2116 πάμπ
1362 2082 1391 2093 -

379 2118 532 2187 ευεργεοιας
555 2137 608 2171 non
631 2123 758 2186 expressit
774 2122 890 2171 Fieinus.
924 2122 955 2171 In
977 2138 1029 2172 uno
1047 2123 1106 2172 Par.
1130 2124 1236 2188 punctis
1257 2130 1350 2175 notata
1369 2129 1393 2174 et

378 2190 552 2276 parenthesi
543 2189 646 2239 inclusa
663 2196 731 2238 sunt

429 2259 460 2308 E.
483 2253 584 2324 ἢοῖοι
607 2255 789 2323 ἐνέβησαν]
815 2256 845 2305 ol'
860 2255 949 2309 Clark.
967 2256 1027 2306 vat
1045 2256 1124 2307 Vind.
1141 2255 1166 2308 6.
1189 2258 1250 2308 Par.
1268 2257 1391 2311 GEFW

413 2449 535 2501 Ρ.512
588 2451 755 2515 λογίζεται
790 2440 859 2507 οὖν,
914 2467 954 2499 vet
982 2449 1085 2499 ἔταττον
1114 2449 1260 2510 suevos*
1238 2469 1326 2535 ωοπεη
1353 2452 1391 2502 καλ

381 2515 428 2569 ὅτι
451 2515 521 2577 οὐκ,
546 2517 576 2567 εἰ
599 2515 726 2583 μέν-]
762 2517 861 2567 Prima-

379 2589 445 2637 rium
469 2555 568 2651 periodi
590 2587 732 2636 membrum
754 2586 793 2636 sio
816 2601 861 2670 po-

379 2656 457 2704 tuerit
478 2655 621 2705 enuntiari·
651 2656 776 2734 λμγιζεται
801 2645 859 2710 ουν

381 2720 418 2771 ὅτι
441 2739 474 2770 ον
492 2721 603 2806 βιωτέον
625 2719 707 2770 τούτω
726 2720 811 2802 ἐστίν,
836 2721 864 2769 εἴ

381 2806 417 2841 us
436 2787 466 2837 έν
484 2794 512 2853 τῇ
525 2794 600 2872 ψιχῇ
624 2773 703 2838 πολλα
729 2785 861 2854 νοσήματα

380 2855 491 2919 ἔχεικαὶ
514 2852 622 2906 ἀνίστω
646 2862 780 2921 reputat
802 2855 862 2920 igi-

379 2929 432 2972 tur
455 2938 563 2972 seeum
587 2925 686 2972 vitam
709 2940 771 2972 non
789 2939 861 2973 esse

380 2990 533 3051 vitalem,
555 2991 583 3039 si
605 2991 678 3053 quis
695 2990 814 3040 multis
831 2998 861 3041 et

380 3057 636 3106 insanabilibus
660 3059 760 3107 animi
783 3075 861 3108 mor·

381 3126 431 3174 bis
453 3123 591 3175 laboret.
631 3125 682 3174 Sed
704 3141 754 3189 quo
778 3127 861 3191 magis

380 3199 507 3256 augeatur
538 3193 616 3242 huius
649 3195 791 3243 sententiae
821 3195 861 3244 vis

379 3260 528 3325 clariusque
545 3260 757 3325 exsplendesoat,
782 3262 861 3312 aliam

379 3331 549 3390 sententiam,
579 3346 644 3393 quae
667 3331 792 3379 minorem
816 3330 861 3379 ha-

379 3398 424 3447 bet
444 3398 612 3462 gravitatem,
642 3398 703 3447 huic
730 3399 767 3447 ita
789 3414 861 3462 prae-

378 3467 470 3527 mittit,
492 3471 522 3514 ut
538 3465 642 3514 insertis
658 3465 794 3530 particulis
812 3464 861 3526 μέν

379 3540 405 3583 et
423 3531 453 3582 δέ
469 3532 576 3583 alteram
598 3533 631 3582 ad
648 3534 755 3583 alteram
772 3534 862 3584 referri

379 3608 496 3666 oportere
519 3600 657 3666 significet.
698 3603 783 3663 Quam
806 3603 862 3665 qui·

379 3670 438 3719 dem
455 3667 627 3719 membrorum
652 3670 860 3720 coniunctionem

380 3738 476 3802 optime
493 3736 634 3786 illustravit
646 3738 673 3785 M
681 3737 758 3789 attb.
768 3739 792 3798 ᾗ.
802 3735 860 3787 622.

379 3804 403 3856 4.
421 3805 454 3855 ci.
478 3806 669 3853 Buttmann.
692 3805 735 3853 Gr.
759 3820 783 3868 p.
801 3803 861 3854 434.

378 3872 419 3922 ed.
436 3872 527 3922 decim.
561 3872 670 3921 Prorsus
688 3871 778 3921 eadem
795 3878 861 3921 stru·

379 3947 466 3990 sturae
481 3939 549 3989 ratio
566 3944 606 3988 est
621 3955 646 4003 p
664 3937 722 3989 516.
740 3940 776 3988 E:
799 3937 860 3989 οὔα-

379 4025 429 4057 ουν
452 4009 483 4056 oi'
505 4024 535 4073 γε
560 4003 697 4092 ἆμαθολ
683 4010 782 4086 ηνιόχοι
810 4010 859 4057 κτλ.

378 4075 528 4125 Particulae
554 4075 663 4135 μὲι-
691 4072 740 4135 uis
770 4081 795 4124 et
831 4075 861 4125 δὲ

380 4170 413 4180 —-
448 4141 478 4192 δέ
516 4142 604 4193 eodem
647 4143 723 4192 modo
760 4145 860 4208 positae

380 4216 449 4270 sunt,
466 4226 516 4273 quo
524 4210 643 4293 Apolog
662 4211 760 4263 Socrat.
779 4227 801 4274 p.
818 4209 859 4264 28

379 4277 414 4326 Ε.
423 4247 484 4355 έγώ
502 4268 552 4328 eir·
548 4275 669 4359 pseusti
652 4296 687 4327 αι
698 4280 758 4364 εληη
770 4296 860 4361 stopa·

296 4370 306 4384 ο
383 4342 483 4402 spires,
502 4345 535 4404 εἰ,
553 4363 596 4395 ors
613 4363 685 4406 μεν
676 4363 707 4406 με
726 4346 753 4394 οι
765 4364 859 4429 appot

381 4427 421 4462 res
438 4410 584 4470 ἔταττον-,
603 4410 659 4462 τότε
676 4414 725 4473 μέν
742 4432 775 4464 ου
791 4414 859 4464 ἐκεῖ·

911 2513 985 2569 ἄλλος
1008 2535 1059 2570 us
1083 2536 1129 2568 του
1151 2517 1182 2569 δέ
1199 2521 1270 2570 θεοῦ
1294 2517 1392 2572 τάττον-

912 2602 1011 2637 zos-
1034 2584 1151 2635 ἐνταῦθα
1175 2586 1262 2637 δὲ-
1287 2591 1392 2648 λείποιμι

912 2671 958 2718 την
976 2649 1060 2715 τάξιν,
1087 2653 1133 2703 ubi
1156 2671 1181 2705 v.
1207 2662 1298 2705 annot
1333 2657 1392 2706 Uni·

911 2736 1013 2770 versam
1043 2721 1095 2771 looi
1122 2724 1280 2773 sententiam
1303 2724 1391 2775 Latine

911 2789 1110 2853 interpretamur
1127 2790 1177 2841 sio:
1205 2790 1330 2856 Itaque
1353 2808 1393 2841 se-

912 2872 981 2906 cum
999 2862 1148 2922 reputat,
1166 2873 1262 2922 quum
1281 2860 1323 2922 is,
1341 2859 1392 2924 qui

911 2925 1041 2990 magnis
1078 2930 1110 2974 et
1140 2925 1392 2977 insanabilibus

912 2993 1065 3056 corporis
1087 2991 1213 3044 morbis
1235 2994 1392 3046 afflictus

911 3060 944 3109 in
966 3061 1049 3110 mari
1071 3076 1137 3110 non
1161 3062 1322 3126 perierit,
1344 3064 1393 3113 mi·

912 3143 964 3177 ser
981 3127 1024 3177 sit
1040 3127 1129 3192 ideo,
1153 3129 1232 3192 quia
1249 3145 1315 3181 non
1332 3147 1392 3196 per-

912 3195 1010 3257 ierit,
1045 3211 1105 3246 neo
1139 3213 1211 3246 eum
1245 3205 1392 3264 oportere

912 3233 1043 3325 vireis,
1076 3264 1131 3328 qui
1158 3264 1192 3314 in
1226 3281 1278 3328 so,
1315 3265 1393 3333 quod

912 3346 1050 3394 corpore
1074 3334 1312 3397 praestantius
1340 3340 1393 3395 est,

912 3400 945 3448 in
962 3399 1084 3462 animo,
1107 3399 1234 3451 multos
1259 3407 1292 3451 st
1314 3403 1393 3452 insa·

912 3464 1044 3516 nabiles
1084 3466 1209 3518 babeat
1254 3470 1391 3523 morbos.

912 3532 991 3584 Vides
1019 3535 1100 3600 igitur
1128 3532 1177 3585 otiu
1205 3538 1336 3602 portinere
1363 3537 1393 3587 ad

911 3602 1060 3666 primariam
1084 3608 1185 3652 tantum
1210 3607 1294 3656 totius
1317 3623 1393 3657 enun-

912 3670 970 3718 tiati
986 3675 1085 3734 partem
1110 3687 1194 3736 neque
1212 3674 1305 3723 referri
1321 3690 1393 3754 posse

912 3738 989 3787 stiam
1007 3738 1040 3787 ad
1056 3739 1193 3789 interiecta
1204 3739 1286 3792 haee:
1306 3741 1333 3792 sl
1347 3740 1393 3802 μέι

913 3822 949 3857 τις
965 3803 1051 3885 payait
1076 3823 1098 3854 κ.
1116 3825 1136 3856 τ.
1154 3808 1190 3864 λ..
1212 3809 1241 3857 in
1265 3825 1318 3874 qua
1340 3825 1393 3859 sen-

911 3874 993 3922 tentia
1008 3842 1306 3931 fuitHeindbrfius.
1324 3879 1393 3927 Pror-

912 3956 957 3990 sus
974 3941 1042 3991 alius
1058 3943 1161 4007 generis
1172 3948 1213 3992 est
1225 3944 1328 4028 illudp.
1337 3942 1392 3997 508.

911 4009 941 4057 Β.
962 4009 1084 4060 Proxima
1099 4011 1142 4060 καὶ
1161 4009 1325 4062 τοῦτονδ’
1293 4029 1393 4080 νησιωυ

911 4075 1025 4140 pendent
1052 4079 1108 4127 et
1100 4095 1183 4162 ipsa
1180 4095 1195 4128 e
1218 4032 1392 4164 superioribus

911 4144 978 4193 illis:
1001 4147 1127 4210 λογίζεται
1149 4136 1216 4206 οὖν,
1235 4145 1289 4208 ὅτι,
1314 4151 1350 4200 iu
1366 4160 1393 4198 ut

911 4212 1025 4277 negandi
1041 4213 1171 4277 partioula
1181 4230 1254 4266 nuno
1266 4218 1329 4268 item
1340 4218 1392 4267 ani·

911 4296 953 4329 nro
976 4281 1114 4344 repetenda
1136 4283 1183 4344 sit;
1207 4300 1270 4335 nam
1294 4291 1391 4336 sentun-

911 4349 948 4397 tia
965 4347 1031 4398 haeo
1054 4357 1107 4399 ost:
1129 4356 1269 4415 reputat
1290 4355 1393 4420 igitur

911 4432 1044 4479 -eum,
1073 4418 1130 4482 qui
1157 4420 1279 4471 animi
1286 4421 1392 4472 morbo
