3242 5259
392 619 430 672 52
751 611 1050 672 PROLEGOMENA

392 782 519 841 situdine
540 801 605 839 cum
626 781 769 858 Apologia
789 785 820 840 et
839 781 956 840 Critone
983 780 1138 852 contineri,
1168 780 1403 858 quandoquidem

391 868 423 924 in
444 886 477 924 00
499 886 557 924 101
570 868 654 924 modo
674 866 842 925 innocentia
857 866 981 924 Socratis
1003 865 1177 937 defenditur,
1198 865 1404 924 verumetiam

393 952 553 1010 accuratius
572 951 737 1010 illustratur
764 955 853 1029 atque
874 951 1102 1022 demonstratur,
1132 949 1271 1027 quodibi
1293 969 1331 1007 ex
1353 950 1404 1007 So-

393 1037 498 1094 cratica
517 1036 629 1094 ratione
650 1037 768 1113 ponitur
788 1035 958 1112 simpliciter
969 1040 999 1094 et
1020 1041 1210 1107 asseveratur,
1231 1035 1323 1092 nullis
1342 1035 1403 1092 fere

274 1137 278 1145 ·
392 1121 569 1195 argumentis
589 1121 751 1180 sententiae
771 1120 876 1191 allatis,
897 1120 1006 1180 iniuste
1020 1139 1104 1194 agere
1118 1120 1199 1178 nullo
1219 1124 1303 1195 pacto
1317 1119 1404 1177 licere

286 1206 288 1210 ’
391 1211 479 1284 atque
500 1207 571 1264 adeo
591 1226 643 1282 pro
663 1206 789 1263 maximo
810 1206 886 1262 malo
906 1205 1070 1263 ducendum
1094 1224 1165 1263 esse.
1209 1204 1286 1263 Sunt
1305 1209 1403 1264 autem

291 1311 293 1313 ’
392 1290 436 1347 1111
448 1291 516 1348 libri
527 1291 627 1367 procul
637 1290 734 1349 'dubio
755 1294 822 1366 post
835 1290 960 1349 Socratis
974 1295 1097 1348 mortem
1117 1289 1255 1363 evulgati
1284 1290 1332 1346 Ex
1345 1308 1403 1367 quo

287 1375 289 1379 ’
392 1395 570 1453 consequens
591 1379 644 1447 est,
664 1379 699 1433 ut
718 1395 756 1432 ne
776 1374 801 1433 10
823 1375 941 1453 quidem
960 1374 1042 1446 liber,
1064 1375 1116 1452 qui
1136 1373 1295 1433 sententias
1315 1373 1349 1432 in
1367 1373 1404 1432 iis

392 1460 521 1519 breviter
531 1460 673 1519 indicatas
694 1459 856 1518 accuratius
868 1459 1054 1536 persequitur
1073 1463 1103 1518 et
1123 1458 1292 1535 disputandi
1311 1458 1404 1517 0111111ό

391 1544 475 1602 litate
496 1545 654 1616 confirmat,
675 1549 762 1603 antea
782 1544 914 1620 componi
934 1543 1070 1620 potuerit.
1100 1546 1199 1622 Atque
1220 1543 1298 1602 idem
1317 1544 1405 1619 plane

393 1628 481 1686 etiam
502 1631 538 1687 de
553 1631 678 1687 Menone
699 1629 853 1687 dicendum
874 1633 927 1700 est,
949 1648 1015 1686 eum
1036 1648 1094 1706 quo
1114 1628 1189 1687 libro
1202 1627 1325 1702 Gorgias
1345 1647 1405 1685 non

392 1732 451 1769 uno
466 1714 582 1771 11011110
597 1714 731 1773 cohaeret
744 1713 861 1772 arctius.
883 1714 959 1771 Nam
971 1713 1004 1770 in
1017 1714 1143 1770 Menone
1156 1731 1273 1791 quoque
1287 1713 1407 1772 docetur

393 1798 523 1856 rhetores
544 1818 578 1856 00
598 1799 676 1859 viros
690 1794 860 1868 πολιτικοὺς
880 1818 939 1855 1011
960 1817 1023 1857 0000
1037 1797 1155 1856 idoneos
1168 1797 1289 1858 virtutis
1310 1796 1405 1857 civilis

393 1883 554 1956 magistros,
575 1884 645 1961 quia
664 1884 727 1943 veri
748 1879 1059 1963 00101110(ε’πιστη’μῃ)
1073 1883 1133 1941 sint
1153 1881 1296 1953 destituti,
1317 1901 1405 1958 eppe

393 1968 530 2045 nitorque
551 1968 672 2027 scientia
691 1967 856 2044 philosophi
868 1967 987 2026 11001110
1008 1972 1039 2026 01
1050 1967 1262 2027 fluctuantibus
1274 1967 1406 2027 virorum

393 2052 522 2111 civilium
540 2053 738 2129 opinionibus,
759 2053 1000 2131 quemadmodum
1027 2052 1059 2108 in
1077 2052 1185 2127 Gorgia
1203 2052 1406 2128 temperantia,

392 2137 514 2209 iustitia,
535 2138 663 2214 probitas
683 2137 740 2197 viri
754 2137 893 2213 sapientis
906 2137 990 2196 vanis
1011 2137 1123 2196 artibus
1144 2138 1295 2196 rhetorum
1316 2141 1406 2214 atque

392 2222 490 2297 pravis
518 2223 621 2280 studiis
650 2226 680 2280 et
707 2222 835 2280 consiliis
862 2221 992 2281 virorum
1018 2221 1050 2279 in
1076 2221 1225 2298 republica
1260 2221 1405 2279 clarorum

393 2306 547 2380 eregione
568 2308 730 2365 collocatur.
773 2305 854 2368 Quin
873 2307 961 2366 0110111
982 2306 1069 2364 sicuti
1093 2307 1125 2364 in
1152 2306 1208 2364 hoe
1227 2305 1302 2364 libro
1332 2306 1405 2364 Gor-

393 2391 454 2465 gias
479 2391 599 2469 eiusque
626 2391 784 2468 discipulus
804 2387 893 2449 Polus
923 2411 989 2448 cum
1009 2391 1141 2463 Galliele,
1168 2391 1286 2449 homine
1306 2411 1406 2449 rerum

392 2476 573 2551 publicarum
600 2477 726 2548 curioso,
762 2477 795 2533 in
822 2476 950 2533 medium
975 2476 1187 2551 producuntur,
1222 2475 1266 2534 ita
1292 2476 1326 2534 in
1352 2476 1404 2533 illo

392 2561 498 2637 scripto
518 2563 606 2620 Meno
634 2567 668 2620 ut
689 2561 812 2635 Gorgiae
841 2560 999 2636 discipulus
1026 2567 1114 2639 atque
1134 2563 1268 2638 Anytus,
1296 2561 1344 2620 vir
1366 2561 1405 2618 ei·

392 2645 459 2705 vilis
488 2651 518 2704 01
544 2647 669 2704 Socratis
703 2650 865 2717 accusator,
902 2645 1128 2723 colloquentium
1162 2650 1259 2722 partes
1285 2646 1406 2717 habent,

393 2748 517 2806 quorum
537 2730 587 2787 ille
608 2730 803 2805 sophistarum
825 2749 955 2788 caussam
976 2731 1119 2802 defendit,
1147 2731 1195 2787 hio
1223 2733 1324 2788 autem
1344 2731 1406 2804 agit

394 2831 525 2870 caussam
545 2813 728 2889 politicorum
755 2833 788 2871 ae
809 2815 942 2874 similiter
967 2819 1001 2873 ut
1021 2814 1152 2873 Callicles
1177 2814 1210 2872 in
1231 2814 1339 2889 Gorgia
1360 2834 1405 2874 so-

392 2897 505 2972 phistas
524 2902 674 2975 tamquam
688 2917 782 2957 meros
801 2899 872 2956 artis
886 2901 1016 2963 (10010100
1037 2905 1067 2958 01
1081 2919 1099 2956 a
1110 2899 1259 2974 republica
1278 2901 1405 2974 gerenda

394 3001 510 3040 aversos
529 2982 658 3040 fastuose
680 2984 839 3042 contemnit
863 3003 897 3041 ac
917 2983 1046 3059 despicit.
1081 2981 1181 3046 Quum
1201 2988 1299 3043 autem
1320 2984 1405 3059 longe

393 3067 431 3124 sit
458 3065 700 3125 verisimillimum
727 3069 883 3125 Menonem
911 3068 986 3125 circa
1017 3073 1148 3144 tempora
1176 3069 1302 3127 Socratis
1329 3070 1404 3146 peri-

394 3150 572 3209 culosissima
607 3157 637 3210 01
663 3152 727 3211 viro
757 3152 881 3229 sapienti
910 3153 1013 3228 capitis
1040 3153 1212 3229 supplicium
1237 3153 1405 3213 minitantia

393 3235 498 3293 litteris
534 3240 686 3294 exaratum
720 3257 798 3309 esse,
834 3237 1007 3296 necessitate
1034 3239 1160 3316 quadam
1194 3238 1335 3311 efficitur,
1370 3242 1405 3297 ut

393 3320 529 3394 Gorgiam
548 3326 649 3396 postea
669 3321 809 3397 scriptum
837 3341 900 3381 esse
928 3327 1099 3381 statuamus.
1141 3323 1217 3382 Nam
1245 3324 1325 3402 quod
1354 3322 1404 3381 alii

392 3425 486 3480 nuper
515 3408 739 3477 contenderunt,
775 3409 930 3465 Menonem
962 3412 1029 3482 post
1056 3407 1192 3480 Gorgiam
1219 3408 1338 3466 demum
1372 3407 1403 3465 in

393 3490 485 3546 lucem
505 3489 650 3566 publicam
669 3490 823 3567 prodiisse,
852 3491 882 3549 id
902 3492 951 3551 vel
971 3481 1040 3549 ideo¹
1056 3511 1160 3568 parum
1188 3496 1234 3551 est
1258 3492 1402 3564 credibile,

322 3582 330 3595 ·
393 3573 462 3650 quia
482 3574 603 3648 Gorgias
629 3575 680 3631 illo
708 3575 805 3633 libello
840 3580 886 3634 est
913 3580 943 3634 et
970 3576 1112 3654 sapientia
1139 3576 1255 3635 uberior
1281 3582 1313 3637 et
1331 3581 1403 3635 'arte

393 3657 541 3734 aliquanto
567 3659 727 3734 perfectior.
762 3660 930 3719 Cavendum
956 3665 1056 3719 tamen
1076 3681 1249 3737 magnopere
1276 3667 1337 3734 est,
1365 3680 1402 3720 ne

391 3741 496 3799 idcirco
517 3742 652 3816 Gorgiam
673 3743 872 3803 existimemus
893 3745 1029 3803 continuo
1056 3751 1123 3822 post
1142 3746 1208 3804 illos
1228 3746 1319 3806 libros
1340 3765 1403 3826 esse
1429 3814 1433 3822 ¹

392 3827 571 3886 elaboratum
598 3833 629 3887 et
653 3828 684 3884 in
704 3829 853 3904 publicum
881 3830 1024 3888 emissum.
1067 3832 1131 3888 Imo
1158 3849 1299 3909 perquam
1326 3830 1402 3892 veri-

391 3911 484 3969 simile
506 3918 550 3970 est
571 3932 638 3970 eum
657 3918 722 3972 tum
742 3915 858 3971 demum
878 3932 940 3973 esse
962 3915 1067 3974 litteris
1088 3914 1288 3991 perscriptum,
1310 3935 1401 3995 quum

390 3997 592 4073 philosophus,
628 4003 782 4075 postquam
810 3999 987 4075 aliquamdiu
1015 4000 1142 4075 Megaris
1170 4005 1233 4059 erat
1259 4005 1401 4072 versatim,

391 4081 516 4160 denique
538 4083 644 4141 certius
665 4083 741 4159 apud
763 4082 891 4140 animum
912 4083 1110 4143 constituisset
1135 4084 1225 4144 missa
1244 4105 1344 4144 rerum
1365 4085 1402 4144 ei·

390 4166 493 4224 vilium
515 4187 584 4224 cura
603 4187 666 4226 sese
687 4172 782 4226 totum
802 4167 1002 4245 philosophiae
1022 4169 1127 4228 studiis
1148 4171 1267 4242 dedere,
1303 4171 1348 4230 ita
1367 4175 1428 4236 111,

390 4252 547 4310 rectissime
567 4252 709 4311 iudicasse
728 4252 884 4312 videantur
915 4253 965 4331 qui
992 4254 1077 4312 illum
1098 4260 1274 4314 censuerunt
1301 4274 1400 4314 eorum

390 4333 574 4410 dialogorum,
596 4339 646 4414 qui
668 4337 843 4396 Socraticam
864 4338 1023 4397 doctrinam
1049 4345 1080 4399 et
1099 4339 1242 4399 rationem
1261 4341 1401 4420 referrmt,
1426 4413 1429 4422 Ι

388 4423 536 4496 tamquam
571 4441 674 4495 agmen
702 4423 835 4481 claudere
863 4441 897 4482 ae
923 4424 1017 4484 veluti
1043 4424 1200 4484 transitum
1227 4426 1265 4483 ad
1293 4425 1401 4503 scripta
