3242 5259
380 608 421 662 22
556 690 561 696 ι
659 624 666 637 ·
736 601 1037 660 macoma

381 782 504 849 purtem,
524 771 556 829 in
576 790 637 849 qua
655 771 757 828 iusuut
777 771 961 845 cupiditates,
981 771 1093 827 dolium
1112 770 1249 845 appellnt,
1268 772 1349 848 quod
1369 773 1402 830 in

382 856 481 915 stultis
504 866 535 914 ct
555 874 613 912 non
634 855 757 914 initiatis
777 856 957 930 perloratum
977 855 1031 924 sit,
1058 856 1104 913 ita
1129 866 1165 913 m
1184 857 1323 914 manno
1344 857 1401 915 dis·

383 940 460 999 fluat
479 940 622 1018 quidquid
642 940 823 997 infundatur.
865 941 971 1016 Itaque
998 940 1077 996 idem
1096 939 1148 997 ule
1168 959 1233 1009 eos,
1261 941 1314 1018 qui
1334 961 1401 1017 per-

383 1034 472 1102 petuo
493 1025 523 1083 id
544 1032 641 1100 agant,
662 1036 696 1082 ut
716 1024 890 1099 cupiditates
903 1025 1041 1099 expleant
1061 1042 1139 1093 suas,
1159 1024 1197 1080 iis
1209 1025 1320 1083 similes
1335 1047 1401 1085 esse

384 1110 532 1181 iudicarit,
553 1111 605 1188 qui
627 1110 705 1185 apud
718 1109 825 1166 inferos
847 1109 878 1165 in
898 1109 1008 1166 dolium
1020 1110 1200 1184 perforatum
1212 1110 1307 1167 cribro
1327 1111 1401 1169 item

383 1195 530 1271 perforato
556 1212 664 1271 aquam
692 1194 846 1250 infundere
874 1206 1038 1251 narrantur.
1093 1191 1277 1270 Quanquam
1304 1197 1401 1254 sentio

383 1279 460 1337 barac
479 1279 634 1352 imaginem
656 1298 714 1335 nou
735 1279 765 1335 id
786 1279 971 1349 effecturam,
999 1290 1035 1336 ut
1063 1290 1146 1336 tuam
1164 1289 1262 1337 mutes
1282 1288 1401 1340 senteu-

382 1364 463 1423 tiam
505 1364 611 1441 Itaque
632 1363 719 1420 aliam
738 1382 817 1420 nuuc
837 1364 941 1420 addam
968 1363 1211 1438 comparationem
1237 1383 1277 1422 ex
1297 1367 1401 1424 eadem

382 1448 480 1507 schola
499 1449 661 1523 repetitam
697 1449 856 1521 Fingamus
875 1448 966 1521 igitur
985 1448 1099 1505 duobus
1118 1447 1285 1506 homimbus
1305 1451 1401 1510 multa

382 1553 446 1591 csse
459 1532 544 1603 dolia,
565 1532 680 1605 integra
694 1533 778 1590 alteri
799 1543 830 1590 et
844 1532 922 1602 vino,
942 1533 1037 1602 melle,
1050 1533 1135 1602 lacte,
1156 1533 1221 1590 aliis
1236 1534 1400 1611 liquoribus

383 1616 509 1693 repleta,
530 1618 677 1692 perforata
697 1617 791 1687 alteri,
810 1618 929 1692 putrida
956 1626 987 1675 et
1016 1617 1151 1674 laticibus
1171 1619 1209 1674 ad
1229 1637 1398 1695 comparan-

382 1702 453 1760 dum
480 1702 658 1760 difficillimis
687 1701 822 1777 impleta:
851 1702 901 1758 ille
928 1701 966 1758 de
992 1701 1077 1759 doliis
1104 1701 1166 1759 suis
1194 1702 1250 1760 erit
1278 1724 1399 1764 securam

382 1806 477 1864 neque
492 1787 552 1844 ullo
574 1787 659 1844 modo
677 1786 832 1856 sollicitus3
854 1786 902 1844 hic
920 1787 982 1843 dies
1002 1795 1159 1863 noctesque
1179 1806 1249 1844 cura
1269 1795 1300 1846 et
1319 1791 1400 1848 solli-

382 1871 511 1931 citudine
524 1879 656 1946 angebar,
670 1877 704 1929 ut
717 1879 861 1949 quantum
867 1870 1040 1941 diffluxerit,
1052 1877 1169 1929 tantum
1175 1873 1271 1928 denuo
1281 1874 1400 1934 indolis

383 1955 562 2027 infundatur,
583 1957 745 2033 misereque
759 1955 942 2013 cruciabitur.
964 1953 1042 2017 Quid
1055 1956 1147 2029 igitur
1159 1956 1279 2014 censes?
1299 1979 1398 2019 nonne

382 2039 424 2099 illi
440 2049 604 2117 temperans
618 2041 780 2110 similisest,
795 2040 940 2098 huicvero
947 2040 1159 2116 intemperans?
1173 2048 1204 2098 et
1216 2061 1313 2101 nonne
1327 2045 1397 2103 inde

382 2134 504 2202 apparet
523 2126 683 2183 modestam
703 2125 795 2183 vitam
816 2125 1022 2200 intemperanti
1042 2145 1105 2183 esse
1129 2125 1294 2199 longissime
1307 2135 1399 2209 'ante-

381 2209 561 2286 ponendam?
583 2211 616 2267 P.
626 2214 695 2266 492.
703 2211 866 2266 E.—494.
874 2213 911 2266 A.
932 2211 1043 2267 Verum
1062 2210 1140 2268 euim
1160 2229 1239 2281 vero,
1259 2217 1399 2289 quemad-

382 2295 498 2352 modum
511 2295 657 2370 superiore
671 2293 721 2350 illa
735 2294 924 2351 similitudine
936 2315 996 2352 non
1006 2295 1102 2370 potuit
1114 2295 1245 2353 Callicles
1260 2298 1297 2354 ad
1310 2317 1399 2375 repu-

382 2377 517 2436 diandam
530 2379 702 2437 sententiam
717 2397 800 2435 suam
813 2379 985 2453 permoveri,
999 2379 1042 2438 ita
1053 2400 1091 2437 ne
1104 2380 1160 2436 huc
1173 2380 1265 2437 altera
1278 2383 1399 2458 quidem

382 2464 515 2536 efficitur,
530 2470 565 2522 ut
578 2464 640 2522 sola
652 2462 845 2538 temperantia
858 2463 950 2521 vitam
961 2464 1076 2522 felicem
1088 2471 1119 2522 et
1131 2465 1246 2520 beatam
1253 2467 1399 2527 contineri

381 2550 527 2608 concedat.
558 2552 652 2607 Acute
667 2548 745 2605 euim
758 2547 869 2606 iudicat
882 2568 958 2619 eum,
979 2548 1117 2606 cuivdolia
1129 2552 1269 2621 perpetuo
1282 2551 1398 2625 repleta

381 2642 525 2704 maneant,
546 2633 656 2689 nullam
671 2633 795 2707 amplius
808 2633 955 2708 percipere
967 2634 1155 2708 voluptatem,
1175 2637 1210 2689 ut
1223 2651 1299 2708 quae
1313 2638 1398 2694 nulla

382 2717 439 2774 alia
460 2737 491 2775 rc
506 2723 695 2792 comparetur,
718 2718 773 2774 nisi
789 2718 925 2776 continuo
938 2717 1091 2775 hauriendi
1103 2717 1333 2796 infundendique
1355 2722 1398 2778 la-

383 2803 458 2859 bore.
482 2804 513 2859 P.
522 2807 592 2859 494.
600 2804 636 2859 A„
644 2803 676 2859 B.
697 2800 796 2863 Quum
809 2802 901 2876 igitur
915 2803 1046 2860 Socrates
1059 2801 1207 2857 hominem
1218 2802 1318 2861 videat
1332 2826 1399 2880 per-

381 2885 517 2944 tinaciter
536 2887 612 2944 tueri
635 2886 810 2944 sententiam
832 2907 929 2958 suam,
957 2886 1051 2944 missis
1072 2884 1246 2958 imaginibus
1268 2894 1299 2946 et
1320 2909 1397 2948 com-

381 2971 579 3046 parationibus
601 2972 637 3028 ad
659 2971 817 3029 disserendi
839 2972 1032 3031 subtilitatem
1051 2968 1210 3028 revertitur
1230 2990 1324 3049 esque
1338 2977 1398 3034 uti·
1432 2975 1434 2977 ’

380 3063 428 3114 tur
450 3061 508 3113 tam
530 3056 688 3131 prudenter
702 3062 790 3134 atque
805 3057 941 3131 graviter,
962 3060 997 3114 ut
1015 3054 1066 3112 ille
1084 3074 1154 3111 mox
1175 3055 1207 3112 in
1227 3056 1286 3114 alia
1300 3061 1399 3118 omnia

380 3140 503 3199 transire
532 3147 658 3215 cogatur.
709 3143 821 3217 Nempe
850 3148 895 3201 est
921 3161 990 3200 sane
1019 3139 1067 3197 bic
1095 3158 1157 3196 mos
1178 3140 1324 3213 Platonis,
1353 3151 1396 3217 ut,

380 3224 471 3284 sicubi
500 3226 657 3302 disputatio
686 3247 745 3284 non
772 3232 833 3285 tam
860 3228 897 3284 ad
924 3245 1016 3286 vanas
1036 3224 1185 3300 opiniones
1213 3227 1397 3301 refellendas,

379 3312 523 3387 quemad
550 3331 651 3370 vetum
682 3312 894 3390 exquirendum
922 3318 1010 3388 atque
1037 3310 1293 3369 demonstrandum
1320 3334 1396 3372 com-

379 3401 559 3471 paratumst,
591 3397 737 3455 Socratem
765 3416 851 3454 suum
870 3396 970 3453 iubeat
995 3395 1139 3453 severiore
1169 3395 1215 3453 uti
1236 3397 1396 3471 dialectica,

379 3500 453 3558 quae
475 3483 511 3540 ab
527 3482 637 3556 argutis
652 3479 885 3563 cavillationibus
904 3485 935 3537 et
949 3479 1082 3554 captiosis
1096 3482 1396 3553 argumentationibus

379 3565 530 3625 abstineat.
579 3565 772 3628 Quamobrem
800 3563 905 3622 dehinc
938 3563 1058 3620 iucundi
1087 3568 1117 3621 et
1145 3564 1212 3621 boni
1241 3567 1395 3628 discrimen

378 3653 461 3709 tauta
488 3650 632 3725 gravitate
660 3652 888 3718 demonstratur,
917 3654 952 3707 ut
972 3647 1161 3724 philosophus
1182 3649 1271 3708 etiam
1293 3659 1396 3727 postea

378 3733 408 3792 in
431 3734 485 3793 hac
506 3754 607 3794 carrusa
629 3736 730 3793 iisdem
754 3732 932 3808 argumentis
952 3753 1024 3791 usus
1045 3753 1108 3791 csse
1128 3735 1297 3810 reperiatur.
1342 3739 1393 3796 Vi-

378 3819 497 3878 deamus
519 3818 608 3892 igitur
629 3820 687 3877 iam
708 3822 744 3877 de
766 3818 895 3878 universi
915 3818 970 3876 loci
992 3821 1028 3876 ad
1049 3839 1163 3877 omnem
1176 3820 1306 3879 Platonis
1327 3824 1393 3898 phi-

377 3900 535 3979 losophiam
558 3922 627 3962 sanc
643 3924 730 3982 qnam
742 3902 906 3977 gravissimi
920 3908 1098 3976 argumenta.
1113 3937 1155 3946 —-
1170 3905 1201 3962 Si
1222 3905 1285 3963 vita
1298 3908 1394 3981 beata,

378 3986 474 4066 iuquit
495 3988 641 4058 Socratas,
669 3989 700 4044 in
727 4007 760 4045 eo
783 3988 924 4058 cernitur,
954 3993 988 4045 ut
1008 3988 1169 4055 esurientes
1191 3990 1324 4062 edamus,
1355 3993 1393 4050 si-

378 4071 484 4131 tientes
505 4071 652 4142 bibamus,
683 4071 807 4150 denique
829 4071 1003 4147 cupiditates
1021 4080 1135 4134 nostras
1156 4094 1254 4132 omncs
1276 4077 1393 4152 explea-

378 4174 458 4227 mus,
488 4156 575 4214 otiom
596 4155 733 4226 scabiosi,
763 4157 833 4214 dum
854 4176 917 4215 seso
938 4157 1058 4230 fricant,
1089 4164 1176 4237 atque
1198 4160 1235 4231 ii,
1258 4161 1309 4238 qui
1330 4166 1393 4220 tur·
1464 4233 1466 4236 ¹

378 4239 503 4312 pissimis
524 4262 554 4299 sc
576 4241 687 4300 dedunt
707 4241 916 4317 voluptatibus,
938 4243 1036 4302 felices
1058 4245 1194 4322 beatique
1208 4246 1390 4321 praedicandi

379 4331 472 4394 erunt,
494 4324 516 4381 si
532 4325 648 4403 quidum
662 4327 776 4384 nullum
790 4327 934 4402 reperitur
953 4327 1030 4387 inter
1042 4331 1209 4406 voluptates
1228 4330 1391 4391 discrimen.

378 4404 452 4466 Vide
476 4403 576 4483 igitur,
605 4412 732 4486 obone,
762 4432 799 4470 ne
826 4413 962 4488 voluptas
989 4434 1049 4472 non
1077 4414 1193 4473 omuino
1213 4415 1337 4475 honesta
1359 4437 1392 4477 ac
