3242 5259
544 599 600 657 AI)
621 598 805 659 GORGIAM
826 600 1029 659 PLATONIS.
1254 609 1291 661 41

268 770 480 846 ‘philosophiae
501 767 661 827 rationibus
681 768 789 851 triplici
818 768 942 827 nomine.
986 769 1115 827 Primum
1136 770 1214 827 enim
1235 771 1294 828 vis
1347 757 1350 763 ⁴

279 860 315 913 11
343 859 485 912 natura
513 853 574 911 eius
603 854 734 927 arguitur
761 853 899 912 scientiae
928 873 961 912 ao
988 854 1117 913 1111111111
1145 875 1204 911 111
1231 875 1295 913 1111

280 959 388 1016 capax,
427 937 615 1016 quantumvis
653 958 718 1001 eam
751 937 859 996 iactare
887 939 992 997 soleat:
1030 959 1057 1014 p.
1088 944 1157 996 448.
1187 943 1223 997 A.
1252 973 1295 982 —

280 1029 351 1082 461.
368 1027 403 1081 A.
426 1022 540 1080 Deinde
560 1042 667 1080 usum
688 1023 750 1080 eius
766 1021 930 1081 ostenditur
950 1042 1013 1081 esse
1027 1042 1143 1094 vanum,
1165 1026 1294 1102 quando-

278 1107 558 1186 quidempotentia,
581 1127 639 1184 qua
659 1126 690 1165 se
710 1107 798 1182 potiri
818 1126 902 1183 posse
923 1107 1070 1181 glorietur,
1091 1127 1193 1167 revera
1212 1110 1295 1166 nulla

279 1193 326 1264 sit,
348 1212 442 1271 quum
463 1211 534 1251 vera
554 1191 684 1267 potentia
703 1211 762 1249 non
783 1192 815 1249 in
836 1192 991 1250 temeraria
1018 1192 1162 1263 lubidine,
1191 1193 1294 1251 sedin

278 1282 376 1336 rectae
397 1276 560 1336 voluntatis
588 1276 714 1334 consiliis
743 1283 891 1335 cernatur:
912 1298 939 1352 p.
963 1281 1032 1335 461.
1055 1280 1091 1334 A.
1111 1309 1153 1318 —
1176 1282 1245 1335 481.
1260 1279 1292 1336 B.

278 1362 416 1440 Denique
431 1361 569 1435 agendi
589 1361 759 1436 principi
768 1382 792 1433 a,
808 1362 886 1418 unda
900 1362 1106 1436 proficiscatur,
1121 1362 1194 1419 falsa
1205 1368 1293 1439 atque

277 1446 378 1522 turpia
399 1465 462 1504 esse
477 1445 629 1517 evincitur,
650 1445 718 1504 licet
739 1444 774 1503 iis
788 1445 946 1521 plurimum
959 1445 1120 1521 superbiat:
1141 1467 1169 1522 p.
1183 1448 1292 1504 4al.c.

277 1564 322 1573 —
344 1535 415 1589 522.
444 1530 478 1587 Ε.
516 1529 628 1592 Quibus
656 1529 789 1589 omnibus
817 1530 969 1605 explicatis
997 1530 1101 1588 deinde
1129 1531 1294 1607 proceditur

277 1617 316 1674 ad
344 1615 553 1673 consideranda
580 1634 629 1686 ea,
666 1634 741 1691 quae
769 1615 837 1672 inde
866 1616 902 1672 ad
930 1615 1009 1674 vitae
1037 1615 1179 1673 actionem
1206 1622 1294 1693 atque

277 1699 506 1768 moderationem
527 1704 748 1776 consequantur.
780 1700 905 1773 ¹Videtur
924 1700 1014 1774 igitur
1039 1719 1142 1774 operae
1168 1700 1295 1776 pretium

277 1783 441 1860 paullisper
461 1784 615 1859 dispicere,
645 1785 785 1861 quomodo
807 1784 915 1859 triplex
943 1785 1000 1842 ista
1020 1785 1142 1842 materia
1162 1805 1180 1842 1
1200 1785 1293 1860 philo-

278 1869 370 1945 sopho
392 1873 517 1927 tractata
545 1869 599 1940 sit,
628 1868 770 1947 siquidem
792 1888 830 1925 ex
852 1869 940 1926 huius
969 1868 1011 1926 rei
1031 1869 1138 1927 iudicio
1159 1890 1294 1944 magnam

277 1959 393 2029 partem
414 1954 522 2028 pendet
536 1953 671 2027 ,universi
692 1953 786 2028 operis
807 1953 941 2012 subtilior
961 1953 1162 2027 intelligentia.

341 2039 448 2115 Itaque
469 2037 593 2114 primum
620 2037 749 2115 quidem,
780 2038 921 2115 colloquio
942 2057 1007 2095 cum
1029 2038 1149 2112 Gorgia,
1179 2039 1294 2097 scholae

277 2122 424 2198 principe,
453 2121 604 2193 instituto,
633 2123 764 2200 quaestio
786 2128 919 2181 versatur
947 2122 977 2179 in
999 2123 1176 2198 exploranda
1205 2129 1293 2201 atque

278 2208 477 2282 cognoscenda
505 2207 541 2264 vi
563 2212 600 2266 11
620 2213 759 2265 natura
780 2208 949 2265 rhetoricae.
984 2208 1053 2266 Fuit
1074 2208 1152 2266 enim
1173 2208 1294 2282 Gorgias

279 2291 376 2350 minus
395 2291 428 2348 in
449 2291 597 2366 republica
617 2297 750 2350 versatus
771 2292 913 2350 oratoriae
933 2292 1071 2350 scientiae
1092 2293 1204 2364 doctor,
1234 2293 1292 2352 vid.
1336 2358 1348 2371 ,

280 2376 396 2434 Cicer.
419 2377 465 2433 De
480 2376 558 2433 Orat.
573 2376 630 2446 HI,
643 2381 688 2447 16,
706 2382 753 2434 59.
775 2377 805 2434 Is
821 2396 890 2435 vcro
905 2377 960 2434 etsi
974 2376 1045 2434 artis
1060 2396 1129 2434 suae
1142 2377 1294 2435 materiam

280 2461 366 2535 longe
400 2459 606 2536 amplissimam
643 2466 729 2537 atque
758 2460 1036 2535 praestantissimam
1063 2461 1221 2536 praedicat,
1258 2462 1293 2518 de

280 2565 337 2622 quo
359 2545 434 2602 conf.
457 2544 568 2603 Phileb.
592 2549 640 2602 58.
662 2548 699 2602 A.
719 2546 752 2602 B.
781 2546 904 2602 Phaedr.
925 2565 952 2619 p.
977 2549 1046 2601 268.
1069 2547 1119 2615 A,
1148 2550 1246 2602 tamen
1267 2545 1293 2603 is

279 2629 398 2688 videtur
419 2648 497 2700 esse,
524 2629 575 2706 qui
596 2648 649 2687 nee
670 2635 778 2688 certam
799 2629 861 2687 eius
882 2628 1030 2686 notionem
1051 2629 1146 2686 animo
1167 2648 1293 2706 compre·
1399 2628 1402 2632 ’

278 2715 402 2772 hensam
421 2719 522 2772 teneat
543 2732 596 2771 nee
617 2714 710 2771 eidem
731 2714 847 2771 laudem
869 2713 1005 2771 scientiae
1030 2719 1082 2772 aut
1101 2714 1219 2772 virtut-is
1240 2714 1293 2771 im-

277 2799 438 2876 primisque
459 2797 588 2856 iustitiae
609 2799 757 2856 vindicare
777 2798 876 2874 p'ossit.
904 2797 1044 2860 Quocirca
1064 2798 1206 2856 rhetorice
1220 2798 1294 2857 nihil

280 2883 334 2941 nisi
348 2882 489 2941 scientiae
504 2883 628 2957 speciem
642 2880 765 2957 (πίστιν)
786 2883 889 2941 sectari
910 2883 1050 2956 arguitur,
1072 2884 1108 2941 de
1130 2904 1188 2962 qua
1201 2882 1294 2959 ipsius

279 2966 427 3026 sententia
461 2987 489 3025 v.
524 2967 612 3025 etiam
640 2969 762 3025 Phaedr.
800 2970 869 3026 267.
898 2970 934 3025 A.
964 2968 1079 3025 Cicer.
1115 2969 1151 3025 de
1181 2967 1292 3026 Orator!

279 3053 335 3125 III,
359 3057 410 3122 32,
436 3055 502 3108 129.
524 3052 549 3122 Ι,
572 3056 620 3121 22,
647 3056 713 3109 103.
735 3053 780 3110 Ι)1
801 3052 865 3109 Fin.
887 3053 928 3122 Π,
954 3056 979 3122 1,
1006 3055 1046 3123 1.;
1070 3052 1292 3111 (1111111111-
1331 3123 1338 3134 .

278 3137 349 3195 tutis
371 3142 472 3194 autem
493 3135 586 3193 cidem
606 3141 667 3194 tam
687 3136 785 3210 gravis
805 3142 938 3195 movetur
952 3137 1154 3209 controversia,
1176 3143 1210 3196 ut
1229 3137 1291 3212 ipse

279 3220 401 3295 Gorgias
430 3239 465 3277 ea
490 3220 521 3276 in
542 3239 644 3278 caussa
671 3220 779 3279 titubet
800 3240 833 3278 ac
852 3221 971 3280 vacillet
998 3226 1028 3279 et
1056 3222 1156 3280 nativa
1176 3226 1292 3289 tantum

278 3305 366 3363 animi
389 3304 567 3364 verecundia
593 3312 623 3363 et
643 3305 779 3363 interiore
805 3307 931 3383 quodam
958 3305 1030 3363 recti
1057 3306 1177 3383 verique
1205 3326 1293 3364 sensu

278 3394 427 3465 permotus
442 3390 578 3447 concedat
601 3390 760 3447 rhetoricae
780 3391 869 3449 etiam
883 3389 1001 3448 virtutis
1015 3394 1045 3446 et
1056 3389 1186 3448 iustitiae
1200 3391 1292 3447 scien-

278 3474 348 3532 tiam
360 3474 547 3549 tribuendam
561 3493 631 3532 essa.
654 3472 737 3535 Quod
751 3475 847 3550 ipsum
860 3481 958 3532 tamen
972 3494 1062 3553 quum
1082 3473 1185 3532 deinde
1193 3475 1291 3545 Polus,

278 3558 429 3616 familiaris
451 3559 513 3616 eius
541 3578 574 3616 ao
595 3558 767 3634 discipulus,
796 3559 934 3633 magistro
955 3559 1033 3616 haud
1055 3559 1153 3634 paullo
1174 3558 1292 3616 liberior

278 3650 306 3701 et
333 3641 497 3719 procacior,
532 3644 691 3701 secundum
718 3644 832 3701 scholae
859 3643 1000 3702 rationem
1028 3649 1130 3717 neget,
1160 3644 1291 3702 Socrates

278 3727 343 3785 inde
378 3727 516 3785 continuo
544 3727 693 3785 concludit·
721 3728 884 3799 rhetoricen
912 3728 1013 3804 utique
1041 3728 1171 3787 iustitiae
1205 3729 1291 3786 laude

278 3831 339 3870 esse
361 3811 543 3883 destitutam,
565 3812 798 3889 quandoquidem
819 3813 914 3872 virtus
934 3818 965 3870 et
984 3812 1097 3871 iustitia
1112 3813 1184 3871 11111
1199 3813 1290 3870 soien-

277 3896 347 3954 tiam
369 3896 527 3954 consistere
555 3896 636 3953 nullo
664 3898 748 3954 modo
775 3899 875 3972 possit.
916 3897 1062 3954 Nimirum
1090 3898 1147 3955 isto
1176 3897 1291 3973 quidem

278 3987 360 4054 paeto
389 3980 460 4059 quid
481 3980 523 4038 rei
545 3981 597 4051 sit,
627 3982 705 4039 haud
734 4001 803 4040 sane
825 3984 944 4040 obscure
966 3981 1152 4056 significatur.
1195 3983 1291 4055 Argu-

278 4070 426 4124 mentatur
436 4064 515 4122 enim
530 4066 669 4136 Socrates,
691 4071 724 4124 ut
744 4066 802 4123 iam
815 4072 901 4124 antea
915 4066 1101 4137 ostendimus,
1114 4085 1129 4122 e
1144 4065 1291 4124 doctrinae

279 4169 346 4207 suae
367 4126 497 4220 ratione!
513 4169 570 4226 qua
590 4150 730 4209 virtutem
744 4154 892 4210 statuebat
905 4151 1030 4226 positam
1050 4170 1112 4208 esse
1126 4149 1157 4206 in
1171 4150 1292 4209 scientia

280 4232 401 4312 ideoque
415 4253 490 4304 eum,
513 4234 562 4310 qui
577 4235 646 4311 quid
660 4237 775 4306 bonum,
798 4235 878 4306 utile,
894 4237 1055 4305 honestum,
1076 4236 1186 4292 iustum
1205 4241 1291 4306 esset,

282 4319 395 4390 penitus
417 4317 968 4397 1111111111111111111111111111,
989 4318 1019 4376 id
1040 4319 1071 4375 in
1093 4319 1203 4392 agendo
1225 4339 1291 4377 con-

284 4407 392 4462 stanter
413 4403 496 4481 sequi
518 4403 617 4462 solere.
660 4405 764 4482 Itaque
793 4403 953 4463 rhetoricae
981 4423 1045 4463 earn
1065 4409 1199 4463 naturam
1228 4425 1291 4464 esse
