3242 5259
398 598 456 653 196
811 591 1007 652 PLATONIS
1069 645 1072 651 .

396 757 608 837 ἀγανακτοῖεν
639 758 700 831 ἀν,
730 754 760 817 εί
785 775 833 828 τις
858 755 903 837 μὴ
931 754 1029 836 φαίη·
1058 753 1111 819 διὰ
1137 752 1186 836 δὴ·
1207 753 1331 835 ταύτην
1358 752 1416 835 τῂν

398 855 573 936 ὁμολογίαν
594 854 843 934 ἀναγκασθῆναι
863 849 992 937 ἐναντία
1013 851 1224 932 αύτὸναάτῷ
1244 850 1363 927 εἰπεῖν,
1384 851 1416 914 οὲ

398 950 432 1015 δὲ
463 951 542 1015 αὐτὸ
572 961 668 1015 τοῦτο
698 951 837 1031 ἀγαπάν.
866 949 920 1012 καί
946 963 1008 1014 σου
1033 946 1205 1030 κατεγέλα,
1236 945 1281 1022 ὥς
1309 947 1346 1029 γε’
1366 972 1418 1031 μοι

398 1050 524 1126 δοκεῖν,
553 1049 662 1131 ὀρθῶς
683 1049 762 1113 τότε.
793 1056 856 1110 νῦν
878 1044 912 1110 δὲ
940 1047 1037 1110 ττάλιν
1059 1047 1156 1120 αὐτὸς
1176 1046 1300 1120 ταύτὸν
1319 1056 1414 1111 τοῦτο

398 1144 517 1222 ἔπαθε,
545 1146 599 1211 καὶ
619 1143 717 1228 ἔγωγε
745 1146 813 1210 κατ’
843 1144 923 1209 αὐτὸ
944 1154 1041 1208 τοῦτο
1062 1145 1123 1208 οὐκ
1143 1148 1266 1227 ἄγαμαι
1289 1148 1417 1221 Πῶλον,

399 1245 447 1307 ὅτι
476 1259 528 1308 σοι
561 1245 761 1326 συνεχώρησε
789 1243 826 1306 τδ
856 1242 977 1307 ἀδικεῖν
1008 1241 1134 1323 αίσχιον
1159 1236 1243 1307 εἶναι
1272 1254 1333 1309 τοῦ
1354 1245 1417 1308 ἀδι·

347 1345 376 1410 Ε
399 1347 542 1407 κεῖσθαι·
573 1340 607 1405 ἐκ
634 1342 750 1423 ταύτης
777 1340 841 1423 γὰρ
856 1334 912 1403 αὖ
939 1349 996 1422 τῆς
1024 1340 1198 1421 ὁμολογίας
1227 1341 1327 1416 αὐτὸς
1356 1342 1418 1406 ὗττδ

400 1450 460 1504 σοῦ
481 1438 711 1518 σνμτιοδισθείς
742 1437 778 1501 ἐν
796 1443 864 1512 τοῖς
884 1438 994 1518 λόγοις
1023 1436 1261 1522 ἐκεστομίσδης
1290 1440 1416 1522 αίσγνν-

399 1537 471 1612 θείς
492 1540 513 1600 8
535 1537 617 1602 ἐνόει
638 1538 746 1600 εἰπεῖν.
777 1537 819 1599 σὺ
838 1535 900 1617 γὰρ
920 1538 965 1621 τῷ
986 1539 1079 1614 ἀντι,
1108 1528 1349 1619 ὦΣώκρατες,
1378 1538 1419 1612 είς

399 1645 531 1700 τοιαῦτα
551 1639 639 1716 ἀγεις
654 1633 792 1722 φορτικὰ
808 1632 1086 1715 καίδημηγοοικά,
1108 1634 1245 1714 φάσκων
1262 1632 1324 1718 τίγν
1345 1636 1417 1718 ἀλή-

452 1848 508 1893 καί
532 1858 591 1893 σον
616 1841 787 1909 κατεγέλα]
819 1843 861 1893 sie
883 1842 961 1892 vind.
985 1841 1008 1893 2.
1032 1844 1091 1893 Par.
1114 1844 1146 1892 V.
1169 1844 1239 1894 Vett.
1266 1844 1340 1896 editt.
1364 1863 1417 1896 cum

401 1913 507 1993 reliquie
530 1911 603 1962 codd.
627 1928 689 1962 mes.
711 1913 864 1974 καταγελᾶν,
890 1910 959 1976 quod
982 1917 1051 1961 reete
1067 1911 1222 1961 mutandum
1238 1913 1307 1963 vidit
1324 1913 1417 1964 Corna-

401 1983 464 2030 riue.
483 1980 661 2036 Defenderunt
678 1985 765 2029 temen
782 1995 866 2044 nuper
882 1979 1043 2060 ΒοτιιΙιαιάγ,
1062 1980 1171 2044 Syntex.
1190 1978 1287 2045 p..464
1304 1987 1331 2032 et
1348 1982 1417 2033 win-

401 2049 548 2098 ekelmenn
571 2048 603 2098 ed
620 2048 773 2113 Euthydem.
797 2063 823 2112 p.
840 2044 895 2110 38.‚
918 2048 964 2112 qui
985 2047 1144 2097 infinitivum
1167 2048 1262 2098 volunt
1279 2066 1313 2099 ex
1330 2065 1416 2115 peren·

401 2114 511 2167 thesi“
491 2134 526 2169 ωε
544 2116 573 2181 γὲ
591 2133 632 2176 μοι
655 2114 745 2166 δοκεῖν
767 2114 893 2196 pendere,
916 2117 947 2165 de
972 2132 1023 2179 quo
1046 2132 1140 2181 genere
1163 2121 1312 2168 structurae
1336 2134 1362 2171 v.
1388 2118 1416 2168 ed

400 2200 426 2249 p.
443 2181 501 2235 453.
518 2185 548 2233 B.
592 2184 643 2233 Sed
665 2199 745 2248 quum
768 2180 803 2235 ὥς
826 2181 856 2248 γέ
878 2200 921 2243 μοι
939 2183 1028 2233 δοκεῖν
1054 2198 1154 2249 semper
1177 2183 1280 2234 dicetur
1303 2186 1416 2236 absolute

401 2268 485 2316 neque
508 2267 567 2302 eum
589 2251 719 2301 infinitivo
744 2251 884 2301 iunctum
881 2267 997 2316 usquam
1024 2253 1181 2317 reperiatur,
1211 2252 1287 2302 illem
1312 2254 1415 2304 duarum

402 2320 621 2371 constructionum
639 2315 817 2370 confusionem
840 2319 882 2368 hic
899 2335 951 2370 nen
969 2335 1045 2385 posse
1061 2320 1147 2370 locum
1164 2320 1261 2370 hebere
1278 2321 1360 2386 plane
1375 2338 1415 2371 ιιο-

401 2389 442 2438 bie
458 2389 656 2471 persuasimus.

453 2457 480 2505 P.
499 2453 558 2506 483.
581 2453 660 2505 κατὰ
686 2451 793 2517 φύσιν
818 2449 928 2519 ἀπεικ]
953 2455 984 2504 V.
1009 2450 1165 2517 τδκατάφ.
1186 2451 1229 2504 δτι.
1275 2457 1415 2507 Articulum

437 2636 497 2689 κατ’
517 2636 597 2689 αὐτὸ
617 2645 712 2689 τοῦτο
731 2635 790 2688 οὐκ
814 2635 885 2704 ἀγα·
938 2638 1066 2702 osequi
1090 2639 1183 2689 freno
1201 2654 1414 2705 compescere,

403 2726 456 2768 μαι
474 2705 564 2773 Παλ]
588 2707 623 2758 Η
640 2722 662 2756 e.
680 2708 713 2756 in
730 2706 886 2791 hoeipso
936 2706 1166 2757 Hemeterhue.
1193 2707 1226 2758 ad
1251 2708 1413 2773 Aristophan.

402 2774 724 2825 nouleudoPolum.
761 2770 886 2824 Siea8w'
935 2773 1109 2839 Plutpl33.
1126 2775 1297 2854 exposuit-
1309 2793 1412 2840 φοριι·

403 2844 508 2924 ponitur
524 2842 613 2907 Lyeid.
632 2857 656 2906 p.
673 2840 733 2892 220.
750 2842 785 2891 Β.
804 2844 884 2903 φιλον
936 2840 972 2892 κά
990 2848 1050 2892 suut
1074 2844 1194 2908 gravia
1216 2849 1249 2893 et
1269 2845 1413 2971 τιιοΙοεΙιιἱ

405 2910 434 2960 δε
447 2929 481 2959 τω
494 2928 549 2959 οντι
564 2907 713 2959 κιιδννενει
725 2907 853 2959 ἑκεινο
821 2926 884 2959 αντο
934 2927 959 2962 v.
985 2909 1018 2960 ed
1041 2911 1117 2975 Apol
1141 2910 1241 2961 Socrat.
1266 2928 1292 2977 p.
1313 2909 1405 2963 324

404 2971 486 3036 εἶναι,
514 2976 552 3029 εἰς
574 2973 588 3025 8
607 2981 687 3026 πᾶσαι
707 2968 826 3026 αὗταιαί
844 2979 884 3026 λε·
936 2976 1146 3044 δημηγορικά
1175 2985 1263 3029 eutem
1290 2979 1329 3030 ed
1354 2993 1413 3045 epe·

403 3043 778 3111 γόμεναιφιλάτιτελεντωοι,
797 3043 884 3095 illud
936 3046 1014 3096 ciem
1047 3051 1078 3095 et
1109 3048 1253 3112 gretiam
1288 3047 1414 3099 audieu-

403 3113 457 3163 τε]
491 3113 627 3163 maxime
663 3127 772 3162 earum
812 3129 884 3162 esse
936 3114 1029 3174 tium,
1052 3129 1116 3163 non
1139 3110 1315 3166 adrerum
1339 3131 1413 3166 eom·

403 3181 536 3231 videtur
569 3186 618 3231 ete.
667 3180 747 3230 Plura
780 3181 882 3232 notavit
935 3186 1112 3246 ροτοία-
1131 3199 1171 3234 ως
1198 3179 1232 3233 τὰ
1257 3180 1360 3237 πολλά
1381 3198 1414 3233 re·

404 3249 597 3299 Valckener.
628 3247 660 3298 ad
686 3248 808 3299 Herodot.
836 3247 884 3310 ΙΙΙ,

404 3315 444 3368 71.
468 3322 494 3366 et
515 3316 547 3367 ed
570 3316 745 3381 Chryeoetmm
770 3317 841 3367 Oret.
864 3285 884 3366 L'

403 3386 431 3435 in
458 3384 636 3436 Hemeterhue.
671 3385 802 3449 Orett.p
805 3384 884 3434 .VI.

404 3454 478 3504 Conf.
494 3453 605 3534 infrep.
623 3450 682 3503 488.
694 3453 727 3501 D.
744 3467 769 3517 p.
786 3400 885 3503 509..Ε

436 3522 466 3571 Ε.
485 3516 549 3571 ἀπὸ
568 3525 627 3570 σοῦ
647 3535 793 3580 σνμττ.-
761 3518 883 3569 -ἐττε-

405 3588 583 3653 στομίολη]
607 3587 641 3636 Η.
664 3603 686 3637 e.
712 3593 780 3637 ete
805 3589 885 3638 irre·

403 3659 489 3706 titus
511 3657 544 3704 iu
562 3670 711 3705 sermone
734 3671 769 3705 eo
793 3655 884 3706 reda-

404 3730 476 3774 ctus
503 3727 566 3786 eet,
595 3727 629 3772 ut
654 3738 718 3772 non
743 3724 886 3774 heberet

404 3791 488 3857 quod
516 3791 580 3841 tibi
608 3798 797 3855 opponeret.
844 3792 885 3841 Ad

406 3858 599 3920 ουμτοδισθεις
659 3858 886 3942 Olympiodor.

404 3944 465 3978 ms..
495 3922 546 3975 ἀπὸ
574 3931 724 3988 μεταφορᾶς
751 3931 803 3975 ττῦν
826 3923 884 3976 ἀλό-

403 4014 460 4060 γων
478 3993 555 4056 ζώων
577 4011 630 4042 των
653 3991 886 4056 ονμτιοδιζομενων

352 4077 357 4084 ·
405 4059 488 4112 ἐπὶ
463 4081 490 4112 το
504 4067 648 4145 οφαγηναι.
655 4061 788 4111 Theaetet.
772 4060 885 4126 tp.165

404 4128 438 4180 Ε.
463 4126 605 4190 θαυμάσας
624 4125 669 4212 τὴν
688 4132 789 4212 σοφίαι
807 4145 884 4180 ουνε-

404 4194 575 4278 ττοδίοδγςε
560 4192 603 4246 vrr'
628 4192 721 4256 αὐτοῦ,
749 4189 781 4247 08
805 4195 838 4262 δή
856 4213 886 4248 σε

404 4261 594 4348 γειριοοάμεγότ
623 4283 648 4314 τε
676 4235 721 4315 καί
750 4264 885 4331 συνδήσας

406 4329 490 4447 p8p
474 4351 507 4381 av
525 4351 580 4382 τοτε
598 4330 747 4396 ἑλύτρονκ
767 4352 786 4382 τ.
804 4336 826 4383 8.
844 4336 884 4383 De

422 4402 591 4462 rrozoptffgeaev
622 4402 691 4464 quod
718 4402 820 4466 proprie
845 4409 885 4451 est

935 3248 1044 3314 spondet
1066 3250 1122 3303 Lat.
1149 3254 1184 3299 ut
1214 3249 1414 3316 plerumque,

935 3323 965 3365 ut
992 3317 1073 3383 Legg.
1098 3317 1156 3367 XII.
1183 3333 1209 3382 p.
1234 3316 1294 3370 952.
1325 3320 1359 3369 Ι).
1385 3318 1415 3368 el.

935 3384 1006 3434 Male
1023 3385 1213 3438 Findeisen.
1237 3386 1415 3452 interpretetur

936 3453 1257 3518 quamsaepiesime.
1287 3455 1415 3506 estinan-

935 3527 988 3570 tem
1013 3526 1115 3571 constet
1141 3520 1286 3586 sophistes,
1316 3523 1415 3573 virtutis

935 3589 989 3637 vim
1011 3593 1037 3638 et
1059 3589 1185 3639 rationem
1210 3590 1348 3654 tollentes,
1376 3589 1416 3640 80-

935 3657 1021 3707 cuisse
1038 3672 1078 3719 ea,
1096 3672 1163 3721 quae
1180 3657 1252 3708 iusta
1268 3663 1295 3708 et
1312 3659 1416 3710 honeste

936 3724 1098 3784 haberentur
1117 3741 1169 3774 ιιοιι
1186 3741 1234 3790 per
1246 3741 1319 3777 ee—
1332 3725 1416 3788 φύσει,

935 3798 1079 3843 neture—
1096 3794 1165 3843 iusta
1182 3799 1208 3842 et
1225 3793 1338 3846 honesta
1354 3809 1415 3855 esee,

936 3860 982 3910 sed
992 3861 1050 3926 lege
1063 3864 1089 3910 et
1099 3861 1281 3913 conventione.
1299 3879 1324 3912 v.
1340 3861 1416 3928 Legg.

936 3927 1009 3994 X.p
1011 3925 1094 3978 ,889
1112 3929 1190 3994 E.p
1215 3926 1276 3981 890.
1293 3931 1327 3981 A
1359 3930 1417 3981 Pro

937 4003 980 4062 teg
981 4013 1017 4046 οι.
1034 4011 1060 4060 p.
1071 3992 1130 4047 337.
1142 3997 1177 4047 D.
1193 3996 1338 4063 Theaetp
1340 3995 1417 4049 ,172

936 4065 967 4114 A.
1012 4065 1106 4147 Itaque
1132 4057 1257 4148 Callicles
1277 4064 1419 4150 distinguit

937 4131 967 4181 τὰ
985 4127 1047 4181 κατὰ
1067 4128 1150 4193 φύσιν
1168 4137 1195 4183 et
1211 4128 1241 4183 τὰ
1252 4129 1317 4184 κατὰ
1329 4131 1417 4195 νόμον.

971 4200 998 4249 Ρ.
1016 4196 1075 4250 483.
1097 4195 1167 4264 ὃδὴ
1189 4201 1242 4250 καί
1269 4197 1308 4252 σν
1326 4205 1418 4252 τουτο

937 4263 1097 4385 8888⁰i8t88
1114 4261 1374 4400 ίάῦίδιοδδὴῗιοῖδῗ
1364 4285 1421 4404 διτῃῠ·

936 4403 1036 4453 ιιοιιιῖιιί
1064 4400 1079 4452 8
1107 4403 1254 4457 subiectum
1266 4410 1371 4477 ,μὴ
1379 4404 1419 4459 D·
