3242 5259
557 603 613 660 lu
634 602 822 663 scaenis
838 603 1043 664 Pheronia.
1263 610 1301 665 61

282 771 389 848 pediit,
417 790 459 829 ne
478 772 604 848 populus
624 772 656 829 in
677 773 817 847 suffragia
837 772 1017 844 mitteretur,
1044 778 1079 832 ut
1099 773 1209 833 scilicet
1228 774 1304 834 vita·

282 862 366 914 retur
400 855 565 916 iniustitiae
602 858 725 916 dedecus
762 861 792 916 et
819 858 986 932 ignominia,
1022 858 1096 916 cont
1131 858 1303 935 Xenoph

282 941 403 999 Hellen.
432 942 458 1012 I,
489 942 523 1014 7,
554 945 680 1000 9-16,
711 941 773 999 coll.
796 944 883 1000 Mem.
905 944 957 1013 IV,
984 947 1019 1012 4,
1049 946 1077 1000 2.
1099 947 1129 1002 et
1157 944 1303 1002 Platon.

282 1025 409 1102 Apolog.
432 1027 542 1085 866161.
563 1047 591 1103 p.
607 1031 656 1084 32.
678 1027 711 1084 Β.
734 1027 764 1084 0.
778 1027 824 1099 Ι).,
846 1046 903 1104 quo
924 1027 986 1084 loco
1007 1027 1140 1086 Socrates
1158 1028 1221 1103 ipse
1242 1048 1305 1087 rem

282 1110 412 1170 dilucide
434 1110 563 1187 exponit
606 1111 708 1170 Habes
729 1130 799 1171 vero
826 1111 884 1168 iam
905 1131 1019 1170 omnem
1039 1111 1211 1170 indiciorum
1231 1117 1304 1172 tem·

281 1195 362 1271 poris
384 1196 417 1254 in
438 1196 546 1270 Gorgia
559 1195 711 1254 obviorum
731 1195 905 1254 varietatem
925 1201 956 1255 et
969 1196 1194 1269 multitudinem,
1216 1217 1304 1275 quam

283 1285 364 1339 certe
384 1285 500 1340 tantam
528 1299 592 1339 csse
620 1285 755 1356 apparet,
784 1286 819 1339 ut
845 1281 924 1338 haud
952 1299 1022 1339 sane
1050 1281 1157 1339 mirum
1184 1282 1303 1355 accidat,

282 1365 363 1443 quod
384 1363 444 1425 viri
464 1364 622 1424 doctissimi
649 1365 682 1422 in
709 1364 881 1424 definiendis
910 1365 1044 1443 colloquii
1073 1366 1251 1443 temporibus
1271 1367 1304 1424 in

283 1454 384 1525 partes
406 1449 478 1508 adeo
498 1449 629 1508 diversas
651 1449 794 1520 abierunt,
816 1455 851 1509 ut
871 1451 908 1508 ad
928 1450 1008 1507 hunc
1028 1470 1121 1529 usque
1143 1451 1219 1510 diem
1233 1452 1303 1531 quid

281 1535 405 1593 tandem
425 1535 468 1593 rei
489 1534 529 1593 sit
548 1535 677 1592 nondum
703 1535 887 1610 exploratum
914 1535 1066 1594 habeatur.
1107 1536 1304 1595 Nihilominus

283 1623 392 1690 autem,
416 1619 504 1678 sicuti
524 1620 583 1678 iam
604 1624 691 1678 antea
711 1619 885 1691 censuimus,
906 1639 1019 1678 summo
1039 1620 1219 1695 dialogorum
1235 1622 1304 1680 arti·

282 1704 330 1761 fici
352 1708 582 1763 consentaneum
604 1709 649 1764 est
669 1708 781 1763 certum
795 1703 913 1781 aliquod
926 1709 1041 1780 tempus
1062 1708 1098 1764 ob
1120 1707 1218 1765 oculos
1240 1725 1303 1764 esse

283 1793 449 1860 versatum,
480 1787 529 1846 cui
548 1808 664 1847 omnem
691 1808 852 1847 sermonem
873 1790 1145 1863 accommodaverit,
1174 1792 1303 1869 quando·

283 1873 405 1951 quidem
424 1872 555 1952 alioquin
574 1872 611 1932 de
632 1873 838 1948 artis'legibus
860 1879 957 1932 actum
977 1875 1066 1946 foret,
1087 1894 1163 1953 quae
1184 1875 1216 1934 in
1237 1895 1303 1934 con-

283 1960 379 2016 dendo
394 1958 449 2016 tali
462 1977 548 2034 opere
561 1958 722 2017 necessario
740 1959 936 2017 observandae
951 1959 1080 2018 fuerunt
1109 1958 1304 2023 Quamobrem

284 2043 342 2100 iam
363 2043 485 2102 undem
506 2043 640 2102 accedere
661 2043 760 2103 licebit
780 2045 818 2102 ad
839 2045 1039 2119 exponendam
1060 2063 1125 2102 eam
1146 2047 1182 2103 de
1196 2046 1303 2121 dialogi

284 2127 466 2203 temporibus
480 2127 662 2199 sententiam,
685 2147 744 2206 qua
756 2130 878 2204 probata
896 2148 996 2187 omnes
1010 2129 1205 2202 difficultates,
1227 2150 1302 2208 quae

284 2213 339 2270 hae
359 2213 393 2269 in
414 2231 517 2270 caussa
536 2213 632 2270 locum
644 2213 753 2271 habere
766 2212 847 2272 visae
868 2219 946 2284 sunt,
968 2233 1141 2274 evanescere
1154 2215 1300 2276 videntur.

347 2297 490 2356 Fatemur
518 2301 617 2356 autem
644 2301 744 2372 aperte
772 2317 825 2355 nos
852 2297 1020 2356 etiamnunc
1048 2299 1132 2357 unice
1160 2320 1303 2376 provere

283 2383 408 2458 probare
430 2381 785 2440 Schleiarmacheri
806 2386 838 2442 et
857 2383 962 2441 Astii
990 2384 1182 2456 sententiam,
1212 2386 1263 2463 qui
1285 2405 1302 2443 a

283 2467 345 2524 loco
372 2487 402 2543 p.
425 2467 496 2526 473.
518 2467 568 2538 a,
597 2466 649 2525 ubi
677 2466 803 2525 Socmtis
831 2471 1008 2525 memoratur
1036 2469 1187 2544 epistasia,
1217 2470 1302 2527 colle·

284 2556 392 2625 gerrmt
405 2571 568 2610 sermonem
580 2551 616 2610 iis
631 2551 809 2627 temporibus
823 2571 886 2609 esse
900 2552 1078 2627 adaptatum,
1094 2572 1169 2630 quae
1176 2553 1302 2612 Athenis

284 2635 400 2714 Olymp.
424 2640 473 2709 93,
496 2641 525 2694 4.
539 2641 652 2694 :405
676 2655 701 2694 a
724 2636 790 2695 chr.
812 2641 915 2694 exorta
935 2642 1027 2708 erant,
1051 2637 1094 2696 ita
1114 2642 1149 2696 ut
1169 2639 1206 2696 ad
1235 2658 1302 2696 eum

283 2721 470 2797 potissimum
496 2740 593 2778 rerum
619 2725 728 2780 statium
757 2727 787 2780 et
807 2720 1000 2780 conditionem
1026 2728 1220 2798 respectatur,
1249 2724 1301 2802 qui

282 2813 347 2864 tum
367 2806 401 2863 in
422 2805 523 2864 Attica
542 2805 690 2881 republica
718 2805 838 2883 eiusque
865 2806 1115 2867 administratione
1143 2809 1301 2868 obtinebat

283 2891 374 2948 Cuius
396 2891 560 2950 sententiae
580 2896 697 2950 nostrae
719 2909 835 2949 caussas
857 2896 888 2950 ot
900 2892 1028 2950 rationes
1048 2893 1102 2951 has
1118 2893 1302 2968 potissimum

283 2976 435 3034 habemus.
479 2975 609 3033 Primum
636 2975 714 3033 enim
734 2975 819 3033 Plato
848 2975 903 3033 hoc
930 2981 1045 3052 tempus
1074 2982 1135 3035 tum
1164 2979 1240 3037 clarc
1268 2998 1302 3036 ac

283 3061 437 3136 perspicue
457 3059 606 3132 indicavit,
628 3066 670 3131 ut,
690 3059 716 3118 si
730 3060 818 3117 aliam
830 3079 928 3118 rerum
946 3061 1138 3121 conditionem
1153 3065 1189 3121 ob
1204 3064 1301 3122 oculos

283 3145 452 3217 habuisset,
487 3144 667 3221 ineptissime
695 3145 844 3220 scripsisse
877 3145 1088 3204 existimandus
1116 3154 1193 3207 esset
1226 3168 1302 3227 quae
1420 3186 1424 3192 ·

282 3250 310 3305 p.
334 3231 405 3289 473.
427 3230 463 3287 E.
486 3230 522 3288 de
544 3229 669 3288 Socratis
690 3249 810 3288 munere
838 3230 983 3288 senatorio
1010 3231 1145 3307 prodidit.
1187 3233 1301 3292 Deinde

282 3334 384 3374 omnes
403 3314 593 3374 difficultates
615 3314 843 3389 chronologicae,
865 3334 940 3392 quae
960 3315 1041 3375 visae
1061 3320 1144 3387 sunt,
1165 3317 1221 3375 hac
1241 3338 1301 3376 una
1423 3327 1425 3329 ’

282 3400 397 3458 ratione
417 3418 537 3475 prorsus
558 3399 709 3471 tolluntur,
731 3399 756 3457 si
777 3418 924 3458 sermones
944 3405 1009 3459 tum
1029 3418 1170 3476 ponamus
1186 3402 1301 3461 habitos

283 3503 355 3542 esse.
399 3484 535 3562 Denique
563 3484 652 3544 etiam
677 3483 808 3543 universi
835 3483 904 3543 libri
924 3491 1141 3559 mgumenm,
1171 3487 1248 3564 quod
1269 3486 1301 3544 in

282 3569 413 3628 taxanda
434 3568 595 3628 recentiore
615 3568 783 3646 eloquentia
808 3573 839 3627 et
867 3575 929 3628 arte
950 3570 1068 3646 politica
1086 3575 1235 3643 versatur,
1264 3571 1301 3630 iis

282 3654 401 3712 demum
422 3653 602 3731 temporibus
628 3653 746 3712 videtur
766 3654 930 3726 convenire,
951 3655 1058 3732 quibus
1078 3655 1207 3716 novitiae
1229 3657 1301 3715 artis

283 3757 317 3796 ac
337 3737 510 3814 disciplinae
531 3738 577 3799 vis
597 3737 758 3814 perniciosa
786 3738 846 3796 iam
865 3738 897 3795 in
917 3740 1071 3817 propatulo
1097 3747 1174 3814 erat,
1203 3741 1246 3800 ita
1266 3747 1302 3801 ut

281 3823 404 3882 deeius
426 3823 578 3884 effectibus
597 3843 657 3882 non
678 3823 802 3898 amplius
824 3823 952 3882 dubitari
972 3830 1084 3900 posset,
1106 3827 1184 3904 quod
1203 3827 1300 3902 ipsum

281 3908 411 3966 maxime
432 3908 508 3967 bello
528 3909 772 3984 Peloponnesiaco
799 3909 836 3965 ad
856 3909 945 3966 finem
965 3916 1104 3984 vergente
1124 3911 1167 3970 ita
1187 3910 1299 3970 accidit.

280 3993 327 4051 De
348 3993 459 4072 quibus
478 3995 566 4053 rebus
586 3992 701 4052 iuvabit
721 3991 822 4052 ordine
835 3993 971 4070 deinceps
992 4014 1027 4053 eo
1047 3996 1131 4053 modo
1146 3996 1299 4072 explicare,

281 4077 409 4157 utquid
431 4079 467 4137 de
489 4077 611 4152 singulis
632 4077 799 4149 sentiamus,
823 4078 927 4137 clarius
948 4079 1138 4154 intelligatur.

343 4163 505 4223 Gensemus
540 4162 631 4237 igitur
658 4167 726 4221 ante
761 4161 858 4220 omnia
891 4163 1110 4238 diligentissime
1145 4182 1208 4222 esse
1237 4162 1299 4231 ani·

280 4249 541 4321 madvertendum,
566 4248 643 4326 quod
663 4246 760 4307 nescio
781 4266 839 4325 quo
859 4249 944 4305 modo
966 4267 984 4305 a
1004 4248 1105 4307 multis
1125 4267 1220 4324 nuper
1239 4268 1299 4307 non

279 4333 353 4404 66116
374 4333 611 4393 animadversum
632 4339 685 4406 est,
707 4333 855 4392 Socratem
875 4353 903 4408 p.
920 4333 989 4390 473.
1011 4335 1045 4390 Ε.
1066 4332 1109 4391 116
1129 4334 1299 4411 loquentem

277 4416 394 4495 induci,
423 4423 459 4479 ut
485 4437 550 4478 6666
577 4437 654 4490 anno
681 4417 812 4495 proxime
840 4417 989 4493 superiore
1016 4417 1149 4495 prytanis
1176 4438 1297 4479 munere
