3242 5259
384 591 443 646 324

760 626 766 635 ·
798 588 1008 647 PLATONIS-

384 752 482 832 νηρός
501 771 537 831 γε
566 747 613 811 ὢν
642 750 771 831 ἀγαθὸν
799 753 891 814 ὄντα·
920 743 993 833 μηδ’
1019 748 1068 812 ὅτι
1088 750 1319 832 ἀφαιρήσεται,
1345 747 1399 813 ieie

386 870 416 909 τι
435 843 511 928 ἔχω,
544 846 598 910 ἵνα
618 845 661 929 μὴ
683 841 724 910 αὖ
746 845 808 926 ἐγὼ
830 847 925 921 εἴπω,
954 847 1002 910 ὅτι
1018 841 1099 910 Ἀλλ’
1122 847 1323 930 ἀφελόμενος
1343 849 1399 930 οὐχ

336 957 363 1025 0
386 943 483 1024 ἕξειὸ
503 967 533 1007 τι
552 947 699 1028 χρήσεται
720 946 847 1021 αὐτοῖς,
876 937 942 1008 ἀλλ’
974 943 1077 1025 ὥςπερ
1105 968 1144 1029 με
1164 944 1284 1020 ἀδίκως
1313 946 1400 1028 ἀφεί-

385 1048 471 1121 λετο,
501 1041 585 1107 οὕτω
615 1044 668 1106 aui
695 1042 805 1124 λαβὼν
833 1043 949 1117 ἀδίκως
977 1044 1139 1125 χρήσεται·
1171 1041 1254 1106 εἰδὲ
1275 1044 1400 1118 ἀδίκως,

386 1143 539 1223 αἰσχρῶς·
561 1140 642 1203 εἰδὲ
663 1141 809 1222 αἰσχρῶς,
832 1145 946 1214 κακῶς.

449 1239 530 1329 Cep.
552 1239 728 1305 LXXVII.
774 1243 878 1303 ΚΑΛ.
899 1235 961 1313 Ὦς
981 1262 1034 1321 μοι
1066 1239 1189 1316 δοκεῖς,
1221 1231 1399 1322 ὦΣώκρα-

436 1474 451 1524 ὅ
468 1494 494 1524 τι
511 1475 663 1540 χρήσεται
681 1471 811 1540 αὐτοῖς]
849 1475 893 1524 Sic
910 1473 972 1523 libri
989 1490 1086 1538 omnes,
1104 1479 1134 1523 ut
1150 1473 1194 1523 hic
1212 1473 1318 1538 quidem
1336 1475 1400 1524 futu-

384 1559 441 1593 rum
458 1543 545 1593 locum
564 1559 638 1593 suum
656 1548 711 1614 tuto
730 1543 856 1592 obtineat.

436 1678 464 1728 Ο.
478 1675 528 1730 Ὦς
545 1695 602 1739 μοι
621 1678 733 1731 δοκεῖς
751 1705 784 1715 -
803 1674 992 1742 πιστεύειν]
1012 1677 1100 1728 Clark.
1118 1678 1184 1728 Ven.
1204 1677 1268 1729 ΞΣ.
1287 1679 1364 1728 Vind.
1376 1677 1399 1728 2.

389 1912 452 1962 φησι
486 1894 514 1947 ιδ
549 1893 669 1946 Μυσὸν
693 1894 865 1983 ,Tritaque

385 1965 439 2014 εἴτε
456 1964 486 2014 δὲ
504 1955 632 2017 Μυσὸς
618 1983 652 2049 ην
675 1965 727 2014 ειιε
753 1962 866 2015 ἄλλοθέν

386 2034 482 2091 ποθεν,
501 2039 555 2085 auis
573 2031 610 2082 du
628 2051 642 2081 o
636 2029 778 2098 ’Τήλεφος
796 2050 865 2098 γνω-

388 2103 490 2164 ρίζεται.
513 2099 580 2151 οὕτω
599 2101 641 2150 καὶ
661 2098 788 2150 bauaida
813 2101 867 2150 εἴτε

386 2168 481 2218 κόλακα
498 2171 583 2221 duleus
602 2168 688 2218 ειιιεῑιι
712 2166 758 2217 τὸν
781 2173 864 2217 τοιοῦ-

386 2253 432 2285 τον
455 2238 508 2286 εἰίε
539 2234 663 2286 διάκοιιιοι
690 2231 778 2285 ai‘ze
765 2254 865 2285 οιιινιι-

387 2309 450 2362 οὖν,
480 2304 531 2361 δεῖ,
543 2305 649 2387 φησὶι
677 2301 864 2387 ὀΚαλλικλῆς,

385 2373 503 2422 τοιοῦτον
524 2364 594 2422 εἶναι
618 2372 679 2435 περὶ
706 2368 754 2435 τὴν
782 2343 864 2421 ade.

385 2443 410 2490 ls
428 2441 508 2505 igitur
529 2440 621 2504 respici
642 2444 716 2505 putat
738 2439 770 2488 sd
791 2438 866 2489 Tele-

384 2509 464 2573 phum
482 2509 621 2573 Euripidis.
649 2506 724 2569 Quod
742 2523 792 2571 quo
809 2509 865 2556 iure

384 2579 421 2626 ita
438 2577 569 2639 statuerit,
594 2575 664 2624 baud
682 2591 744 2625 sane
762 2575 866 2625 decerni

384 2651 474 2708 potest.
501 2645 556 2694 Nec
573 2648 635 2693 ve'ro
652 2643 760 2692 multum
780 2644 865 2705 refert,

384 2717 414 2760 ut
429 2712 456 2761 id
479 2713 605 2774 sciamus,
629 2727 708 2775 quum
731 2711 805 2760 locus
823 2711 866 2760 vel

384 2781 423 2829 sic
456 2780 587 2829 commode
619 2779 744 2843 explicari
776 2781 865 2844 possit.

383 2847 486 2897 Etenim
505 2848 623 2897 Socrates
648 2853 782 2911 postquam
800 2847 866 2896 illud

386 2913 578 2980 διακονήσαντα
601 2914 719 2964 Calliclis
743 2915 866 2980 interpre-

385 2989 456 3032 tatus
473 2989 512 3032 est
533 2999 579 3047 per
597 2981 799 3041 noiaaerioovtc,
824 2984 866 3032 hic

385 3053 555 3100 exacerbatus
589 3051 674 3101 animo
714 3066 766 3100 non
809 3052 866 3099 sine

386 3119 526 3168 acrimonia
554 3119 703 3184 respondet:
741 3118 774 3168 si
802 3118 866 3166 tibi

299 3230 303 3236 .
386 3187 509 3251 volupe
528 3192 577 3236 est
594 3189 718 3251 Mysum
737 3185 815 3235 adeo
833 3192 865 3236 te

386 3271 520 3305 vocare:
538 3254 571 3304 ad
589 3271 654 3320 quae
671 3255 794 3304 reticetur
805 3271 865 3319 apo-

386 3323 455 3373 dosis
473 3325 525 3372 fere
543 3322 620 3374 baec:
645 3339 702 3388 per
718 3338 764 3371 me
782 3322 866 3372 lieet

385 3392 427 3441 vel
440 3391 590 3456 equidem
609 3389 695 3440 nihil
713 3390 865 3455 impedio.

386 3460 459 3521 Quae
482 3460 640 3525 aposiopesis
662 3458 792 3522 loquentis
815 3459 865 3509 iro·

385 3529 444 3577 niae
461 3527 539 3592 plane
565 3533 604 3576 est
621 3533 795 3576 consentanea
818 3544 866 3577 nec

385 3595 525 3660 quidquam
542 3594 621 3643 habet
638 3594 769 3655 inusitati,
787 3611 866 3658 quum

384 3670 443 3728 post
466 3669 568 3712 senten
569 3677 607 3711 ras
631 3661 811 3726 hypotheticas
840 3665 867 3712 in

385 3731 448 3780 locis
473 3730 602 3781 similibus
620 3746 671 3779 non
691 3745 748 3779 raro
767 3733 867 3780 omitta-

385 3806 427 3848 tur
444 3799 571 3863 apodosis.
590 3814 614 3846 v.
633 3814 750 3862 suprap.
769 3797 867 3851 5030

385 3868 488 3931 Protag.
506 3863 599 3931 p.311.
609 3866 641 3914 D.
654 3865 712 3916 325
722 3868 792 3916 D.et
767 3873 867 3930 atquae

385 3934 546 4000 collegerunt
576 3934 684 3998 interpp.
706 3935 739 3984 ad
768 3935 867 3983 Arist.

385 4002 453 4052 Plut.
463 4019 487 4050 v.
497 3999 556 4053 458
571 4002 703 4066 Gregor
717 4003 865 4052 Corinth.

385 4086 409 4133 p.
433 4068 490 4120 802.
520 4070 666 4120 Fischer.
699 4071 732 4120 ed
760 4069 866 4120 Weller.

386 4139 417 4186 T.
435 4139 480 4187 III.
504 4140 532 4187 Ρ.
551 4138 585 4186 11.
607 4154 631 4202 p.
655 4136 688 4188 35
710 4155 762 4202 seq.
798 4140 866 4188 Tum

386 4220 446 4255 vero
470 4207 566 4271 pergit:
596 4222 666 4254 nam
691 4209 758 4256 nisi
785 4206 865 4255 haec

387 4273 462 4336 (quae
481 4291 528 4339 ego
544 4272 593 4322 tibi
606 4275 684 4334 suasi,
701 4281 730 4323 ut
742 4273 866 4338 reipubli-

386 4355 430 4387 cae
443 4342 498 4391 sive
510 4311 713 4391 Atheniensibus
727 4342 865 4404 inservias)

392 4406 493 4458 facies
516 4418 563 4459 etc
608 4409 665 4470 Quo
689 4409 746 4460 loco
770 4425 864 4460 sermo-

917 1913 975 1947 nem
988 1898 1044 1946 eius
1055 1903 1179 1961 protenus
1190 1897 1229 1945 ita
1243 1897 1399 1963 interpellat,

917 1972 947 2015 ut
968 1966 1025 2030 ipse
1047 1971 1159 2014 mentem
1188 1979 1220 2013 ao
1246 1967 1399 2015 sententium

917 2033 973 2082 eius
991 2033 1089 2098 aperiat
1106 2048 1137 2083 ao
1155 2031 1278 2083 declaret.
1311 2035 1399 2097 Itaque

917 2102 1082 2151 manifestum
1105 2105 1145 2150 est
1162 2102 1293 2164 Mysum
1315 2101 1399 2151 vocari

917 2183 988 2218 nune
1015 2169 1161 2230 hominem,
1190 2184 1267 2232 quem
1297 2169 1399 2234 impune

917 2236 995 2287 liceat
1012 2238 1096 2286 omnis
1118 2238 1222 2302 generis
1245 2237 1399 2286 contumelia

918 2313 944 2353 et
960 2305 1058 2355 iniuria
1080 2304 1225 2365 lacessere,
1250 2310 1342 2369 utpote
1364 2320 1400 2354 se-

918 2374 1019 2422 cordern
1049 2377 1126 2436 atque
1156 2371 1326 2422 imbecillum.
1359 2373 1399 2422 Ex

918 2456 968 2504 quo
986 2440 1114 2504 liquidum
1136 2447 1176 2490 est
1198 2440 1294 2505 respici
1312 2441 1399 2505 ntique

917 2508 949 2558 ed
984 2509 1161 2574 proverbium:
1197 2508 1304 2557 Μυσῶν
1338 2511 1398 2566 leia,

917 2576 985 2640 quod
1000 2575 1338 2626 Schleiermacherus
1355 2576 1400 2626 eli·

918 2650 956 2693 ter
967 2650 1044 2708 atque
1055 2643 1166 2694 debebat
1179 2644 1319 2693 intellexit.
1343 2645 1400 2694 lite·

917 2714 970 2761 nim
989 2718 1140 2777 usnrpatum
1158 2711 1225 2762 illud
1242 2719 1284 2762 est
1296 2713 1399 2761 omnino

918 2779 949 2829 de
972 2780 1019 2842 iis,
1050 2781 1094 2845 qui
1117 2782 1223 2845 impune
1252 2797 1269 2830 a
1285 2779 1399 2844 ¹quibua·

917 2847 981 2896 libet
1007 2847 1146 2897 leeduntur
1173 2864 1204 2898 ao
1233 2847 1399 2913 diripiuntur.

918 2915 1010 2965 Ortum
1027 2917 1123 2981 quippe
1141 2921 1181 2965 est
1193 2932 1210 2965 e
1224 2916 1318 2981 Mysis,
1337 2932 1400 2981 quos

917 2989 1037 3046 narrant,
1060 3000 1110 3049 quo
1134 2989 1250 3048 tempore
1268 2983 1400 3050 Telephus

916 3067 1022 3116 peregre
1040 3052 1159 3113 abfuerit,
1174 3051 1345 3101 finitimorum
1363 3053 1400 3101 in·

917 3117 1081 3169 cursionibus
1098 3121 1190 3168 misere
1208 3125 1319 3170 vexatos
1337 3136 1397 3170 esse.

917 3187 987 3236 Usus
1004 3193 1043 3236 est
1059 3186 1196 3252 proverbio
1214 3188 1399 3238 Demosthe-

917 3270 973 3304 nes
1006 3271 1052 3320 pro
1088 3255 1182 3305 Ceron.
1214 3271 1239 3320 p.
1267 3254 1327 3306 248.
1362 3255 1399 3305 ed.

916 3323 1005 3372 Reisk.
1020 3328 1096 3387 atque
1112 3323 1322 3374 Aristoteles
1335 3324 1400 3374 Rhe

917 3396 964 3440 tor.
988 3391 1014 3452 Ι,
1034 3390 1086 3454 16.,
1110 3391 1156 3441 ubi
1174 3407 1256 3457 agens
1279 3392 1311 3443 de
1336 3392 1399 3442 locis

917 3459 1151 3509 coniecturalibus·
1185 3458 1228 3508 aul
1259 3457 1321 3510 rods
1350 3457 1399 3509 διεδ

919 3528 1021 3576 πολλῶν
1036 3523 1224 3609 ἀδικηθέντας,
1243 3528 1341 3612 inquit,
1358 3528 1399 3577 nul

919 3591 953 3660 μὴ
972 3594 1229 3678 ιὲιιεξεΗιιιιτας-
1259 3592 1295 3648 eis
1324 3593 1399 3647 daras

918 3659 981 3712 κατὰ
994 3659 1039 3728 τὴν
1048 3669 1188 3727 παροιμίαν
1201 3664 1306 3713 Μυσῶν
1320 3665 1398 3717 λείαν,

918 3730 964 3779 ubi
982 3729 1062 3780 habes
1084 3731 1283 3795 explicationem
1306 3731 1399 3796 adagii

919 3798 984 3848 conf.
1007 3801 1085 3848 etiem
1113 3801 1305 3864 Harpocrat.
1332 3817 1352 3849 s.
1375 3814 1399 3847 v.

918 3865 1139 3932 p.123.ed.1.ips.
1158 3868 1299 3916 Bekker.
1318 3868 1399 3916 Aneo-

918 3934 970 3983 dot
994 3937 1069 3985 Tom.
1087 3935 1107 3984 1.
1124 3951 1148 3999 p.
1167 3933 1231 3996 279,
1259 3934 1309 3995 15,
1333 3934 1399 3985 unde

917 4004 993 4051 etiam
1022 4005 1049 4052 in
1077 4003 1170 4052 iambis
1200 4003 1342 4053 Simonidis
1376 4007 1400 4050 et

917 4070 1036 4120 Strutidis
1054 4070 1147 4121 Medea
1163 4070 1231 4120 illud
1248 4075 1399 4136 usurpatum

917 4153 973 4187 esse
996 4138 1128 4189 discimus.
1171 4141 1310 4189 Praeterea
1339 4153 1399 4187 vero

916 4207 1006 4270 Mysos
1019 4213 1121 4257 constat
1135 4213 1240 4272 propter
1258 4206 1399 4258 secordiam

916 4275 993 4324 valde
1027 4276 1107 4325 fuisse
1138 4280 1296 4339 contemtos,
1332 4274 1398 4323 unde

915 4349 998 4392 ortum
1015 4342 1081 4392 iliud
1097 4343 1278 4407 proverbium.
1300 4344 1401 4393 Μυσῶν

915 4411 1032 4475 ἔσχατοι,
1061 4413 1228 4476 Mysorum
1256 4412 1400 4468 ultimus,
