3242 5259
545 603 600 660 AI)
622 602 806 662 GORGIAM
827 605 1031 663 PLATONIS.
1258 613 1295 666 21

282 774 361 831 unde
382 775 414 830 et
435 772 499 830 aliis
525 792 625 848 sapere
644 773 788 832 videberis
809 778 839 831 et
859 773 1000 850 percipies
1017 775 1154 834 utilitatis
1173 777 1301 835 1111111111

281 857 486 932 largissimum.
509 859 541 915 P.
565 862 634 916 482.
656 859 689 915 B.
710 890 754 899 -
775 863 845 915 486.
867 859 898 916 0.

344 943 430 1002 Haec
451 947 605 1020 postquam
618 943 749 1000 Callicles
770 942 924 1018 peroravit,
947 944 1077 1002 Socrates
1091 944 1227 1004 simulata
1248 965 1299 1021 pro

279 1047 360 1086 mere
383 1047 437 1085 suo
458 1027 611 1085 inscientia
638 1028 751 1084 urbana
780 1046 846 1084 eum
872 1027 1005 1086 irrisione
1033 1030 1069 1087 ab
1092 1048 1126 1086 eo
1146 1029 1236 1105 petit,
1266 1036 1301 1088 ut

280 1113 352 1191 quid
373 1112 449 1170 illud
470 1112 516 1184 sit,
539 1112 585 1169 cui
607 1112 722 1169 studere
744 1113 862 1183 debeat,
891 1118 921 1171 et
942 1132 1000 1190 qua
1019 1113 1130 1171 ratione
1152 1114 1183 1172 id
1203 1114 1312 1195 ipsum·
1363 1176 1366 1180 ‚

280 1198 319 1256 sit
340 1201 537 1268 assecuturus,
559 1197 677 1254 edocere
698 1197 778 1255 velit.
809 1200 889 1255 Ante
904 1198 1000 1254 omnia
1020 1217 1089 1256 vero
1111 1198 1211 1256 audire
1225 1200 1300 1270 vult,
1397 1214 1403 1219 ·

278 1283 426 1360 quomodo
447 1281 520 1338 illud
541 1281 580 1340 sit
599 1281 835 1355 intelligendum,
857 1283 935 1358 quod
956 1282 1071 1340 dixerat
1091 1283 1232 1354 Callicles,
1255 1303 1298 1340 se-

277 1369 411 1425 eundum
431 1370 567 1425 naturam
588 1362 676 1439 (κατὰ
697 1361 800 1444 φύσιν)
822 1366 970 1424 meliorem
989 1367 1132 1442 imperare
1153 1367 1299 1443 peioribus

278 1457 371 1530 atque
392 1452 459 1528 plus
480 1450 552 1508 iuris
580 1451 687 1526 habere
715 1450 955 1526 praestantiorem
975 1452 1086 1511 viliore.
1115 1454 1148 1510 P.
1171 1457 1240 1510 486.
1262 1452 1298 1510 D.
1360 1507 1362 1510 .

235 1528 238 1539 ’
277 1570 322 1580 —-
344 1541 418 1594 488.
440 1537 473 1593 B.
510 1537 605 1609 Rogat
625 1535 723 1609 igitur,
746 1555 817 1592 num
839 1535 987 1593 meliorem
1011 1542 1041 1595 et
1061 1536 1300 1612 praestantiorem

278 1621 409 1695 intelligi
430 1620 557 1681 voluerit
576 1619 815 1680 validiorem.
844 1620 981 1679 Affirmat
1002 1621 1057 1679 hoc
1071 1621 1211 1680 Callicles.
1242 1622 1299 1680 Sed

278 1707 364 1766 brevi
385 1707 424 1763 ad
445 1706 602 1763 absurdum
632 1706 787 1776 deductus,
803 1710 930 1763 mutata
951 1706 1110 1777 sententia,
1140 1707 1299 1782 pruden-

278 1792 404 1850 tiores
433 1790 504 1848 dicit
528 1790 675 1860 meliores,
705 1809 776 1866 quos
798 1789 840 1848 ait
860 1794 982 1848 naturae
1003 1790 1066 1848 iure
1087 1790 1241 1866 imperium
1268 1792 1300 1848 in

279 1875 441 1934 deteriores
463 1894 604 1932 exercere.
635 1875 691 1932 Sed
705 1874 753 1932 hic
774 1893 890 1952 quoque
912 1875 1046 1950 captiosis
1063 1876 1189 1934 Socratis
1210 1875 1300 1934 inter·

278 1959 490 2036 rogatiunculis
503 1959 725 2018 circumventus
753 1979 823 2016 mex
842 1960 952 2018 fatetur
979 1979 1010 2017 se
1037 1961 1170 2018 meliores
1191 1959 1299 2018 dixisse

280 2065 346 2117 ees,
376 2045 429 2122 qui
457 2045 488 2101 in
516 2046 629 2102 rebus
657 2044 829 2120 publicis
857 2044 1039 2118 gerendis
1066 2046 1189 2104 fortes
1219 2044 1300 2103 sint

280 2149 322 2188 ac
343 2130 570 2206 prudentes,
594 2133 681 2206 atque
704 2128 853 2188 contendit
866 2134 988 2188 naturae
1009 2129 1055 2186 ius
1075 2131 1131 2187 hoc
1143 2129 1299 2205 postulare,

280 2220 316 2273 ut
335 2215 368 2272 hi
391 2214 496 2273 ceteris
524 2213 667 2289 imperent
695 2213 818 2291 aliisque
846 2213 912 2288 plus
939 2215 1075 2272 habeant.
1118 2215 1151 2272 P.
1174 2217 1244 2271 488.
1266 2215 1299 2272 B.

281 2333 324 2343 -
346 2303 416 2356 491.
438 2299 475 2356 D.
519 2297 600 2360 Quae
620 2305 775 2376 postquam
798 2300 929 2357 Socrates
954 2299 1075 2369 audivit,
1098 2298 1234 2357 continue
1255 2298 1299 2355 in-

283 2389 425 2458 terrogat,
454 2403 492 2440 an
513 2403 572 2440 non
592 2383 641 2446 isti
663 2389 693 2442 et
714 2384 768 2441 sibi
790 2383 909 2461 suisque
930 2383 1137 2458 cupiditatibus
1158 2383 1300 2458 imperare

283 2488 317 2526 ae
344 2472 539 2544 temperantes
567 2487 630 2526 esse
659 2469 791 2526 debeant.
834 2470 882 2526 Ad
911 2487 998 2544 quam
1024 2468 1223 2545 quaestionem
1250 2467 1300 2525 ille

281 2554 324 2612 sic
344 2555 509 2629 respondet,
533 2557 566 2610 ut
586 2553 715 2628 deposito
738 2551 816 2609 omni
836 2553 945 2627 pudere
967 2551 1094 2611 cuiusvis
1108 2551 1299 2627 turpitudinis

280 2638 475 2715 patrecinium
496 2636 642 2712 suscipiat.

346 2806 401 2864 Ait
421 2805 499 2864 enim
511 2805 571 2864 11111
593 2825 660 2863 eum
674 2807 789 2864 demum
803 2824 867 2863 esse
881 2807 989 2863 benum
1003 2805 1179 2882 beatumque
1193 2803 1298 2876 virum,
1365 2808 1368 2812 ’

282 2893 333 2970 qui
362 2897 394 2950 11
421 2893 528 2950 11111111
549 2891 722 2966 cupiditates
751 2896 894 2968 quantum
914 2889 1006 2965 possit
1025 2889 1166 2948 maximas
1194 2895 1225 2947 11
1250 2909 1299 2947 eas

265 2976 323 3051 ¹ita
345 2982 437 3054 queat
458 2976 590 3051 explere,
611 2976 700 3034 nullis
720 2980 756 3034 ut
775 2976 889 3049 legibus
911 2979 1083 3033 coerceatur.
1116 2975 1201 3034 Nam
1223 2994 1298 3051 quae

281 3064 316 3120 de
331 3061 456 3132 iustitia,
478 3060 678 3136 temperantia,
701 3060 765 3119 aliis
779 3059 947 3130 virtutibus,
968 3060 1057 3134 vulgo
1076 3059 1298 3134 praecipiantur,

282 3166 317 3204 ea
345 3145 446 3204 deberi
473 3145 669 3204 multitudinis
699 3144 905 3214 imbecillitati,
942 3163 1017 3221 quae
1046 3144 1099 3201 has
1127 3145 1206 3217 leges
1234 3143 1299 3200 ideo

282 3231 398 3302 tulerit,
428 3235 463 3289 ut
483 3230 614 3288 homines
636 3230 751 3304 ingenio
773 3249 807 3287 ac
827 3228 998 3287 fortitudine
1019 3232 1200 3304 praestantes
1222 3232 1299 3286 certe

283 3316 468 3393 aliquatenus
497 3321 703 3374 coercerentur.
753 3315 817 3372 Imo
844 3313 1014 3383 luxuriem,
1036 3312 1298 3388 intemperantiam,

282 3401 453 3458 indomitam
473 3399 589 3477 quidvis
618 3399 721 3474 agendi
747 3398 909 3470 licentiam,
938 3399 1020 3455 firmo
1041 3397 1190 3473 praesidio¹
1204 3396 1299 3453 muni·

285 3490 361 3555 tam,
388 3504 453 3542 eam
481 3485 596 3542 demum
632 3504 695 3543 esse
721 3483 863 3542 virtutem
891 3482 1042 3560 vitamque
1077 3501 1146 3539 vere
1173 3483 1298 3538 beatam.

285 3570 318 3626 P.
343 3573 411 3627 491.
433 3569 469 3625 D.
498 3601 541 3611 —-
570 3569 697 3627 4911).
747 3568 873 3626 Miratur
902 3568 1033 3634 Socrates
1060 3566 1186 3642 primum
1212 3565 1300 3623 istam

284 3654 341 3712 cris
361 3654 542 3725 libertatem,
572 3654 675 3712 deinde
696 3673 765 3712 vere
793 3652 974 3727 turpissimas
1002 3651 1128 3710 hominis
1149 3650 1299 3726 opiniones

283 3739 326 3796 ita
347 3738 479 3797 refellere
509 3739 653 3809 instituit,
682 3743 717 3796 ut
745 3742 775 3796 11
795 3736 985 3795 similitudine
1006 3737 1105 3815 aliqua
1132 3740 1233 3794 utatur
1261 3755 1300 3792 ex
1413 3764 1415 3767 ·

283 3822 407 3881 alicuius
447 3822 611 3899 philosophi
645 3822 775 3881 doctrina
817 3823 951 3879 desumta
986 3826 1016 3880 11
1056 3827 1227 3895 argumenta
1263 3839 1300 3876 ex

282 3908 346 3983 ipsa
367 3908 410 3966 rei
432 3914 538 3966 natura
557 3907 682 3984 repetita
702 3909 733 3965 in
754 3905 881 3964 medium
901 3906 1012 3963 afferat.
1042 3907 1111 3963 ,Sed
1132 3899 1228 3981 ipsum
1249 3922 1299 3960 au-

282 3993 398 4050 diamus
420 3992 625 4068 disputantem.
640 4024 684 4033 -
702 3992 811 4050 Misera
831 4010 910 4061 vere,
931 3990 1037 4067 inquit,
1059 4009 1075 4046 ο
1097 3989 1221 4060 Callicle,
1243 3987 1301 4045 ista

282 4077 403 4137 videtur
423 4077 494 4148 vita,
517 4097 604 4155 quam
625 4082 659 4135 tu
673 4078 756 4135 modo
771 4075 906 4147 laudasti,
929 4079 1017 4152 atque
1037 4074 1125 4132 morti
1145 4072 1299 4143 simillima,

282 4182 380 4240 neque
402 4167 511 4221 11111111
533 4162 656 4221 arbitror
684 4182 750 4219 eum
771 4159 958 4231 iudicavisse,
988 4159 1040 4237 qui
1069 4178 1121 4216 nos
1143 4157 1202 4213 iam
1222 4176 1301 4214 nunc

281 4253 414 4306 mortuos
435 4246 548 4306 censuit
575 4248 704 4324 adeoque
727 4265 830 4322 cerpus
858 4250 989 4304 nostrum
1017 4243 1181 4318 sepulcrum
1208 4241 1300 4299 nomi-

282 4332 381 4394 navit·
419 4333 519 4410 Atque
540 4333 661 4391 eandem
688 4333 724 4390 ob
752 4351 898 4401 caussam,
927 4327 1042 4404 opinor,
1072 4326 1161 4385 scitus
1183 4326 1301 4404 qnidam

282 4416 339 4496 vir,
362 4415 479 4488 Siculus
499 4417 550 4479 vel
560 4417 691 4490 Italicus,
713 4415 829 4474 nomine
843 4412 976 4476 nonnihil
989 4417 1110 4484 mutate,
1132 4405 1197 4470 eain
1210 4411 1302 4475 nostri
