3242 5259
335 599 396 652 284
752 593 948 652 PLATONIS

336 755 376 817 σὺ
404 757 431 818 εἰ
458 757 502 838 μὴ
530 757 635 830 λύσεις
664 755 684 836 ἢ
713 765 772 819 σοῦ
801 777 848 828 τις
868 753 1116 835 νεανικώτερος,
1147 754 1207 836 οὐχ
1229 747 1349 818 οἷόντε

335 857 437 928 ἀλλοις
462 856 597 934 λε’γοντα
626 853 698 934 ἢ
676 876 719 927 ως
741 851 803 934 ἐγὼ
824 863 887 916 νῦν
907 852 988 934 λέγω
1009 857 1114 926 καλοῖς
1134 851 1256 973 tepens·
1287 850 1350 914 ἐπεὶ

336 946 440 1032 ε’μοιηε
463 951 481 1015 ὁ
502 953 599 1026 αὐτὸς
619 949 783 1068 λόηος
752 949 822 1014 στίν
842 951 898 1026 ἀεί,
920 950 969 1015 ὅτι
991 949 1054 1072 ἐηὼ
1073 961 1176 1013 ταῦτα
1198 951 1261 1014 οὐκ
1282 944 1351 1013 οἶδα

335 1048 421 1122 ὅπως
450 1046 526 1131 ἔχει,
558 1051 606 1113 ὅτι
633 1071 742 1130 μεντοι
764 1037 811 1112 ὧν
832 1047 894 1131 ἐγὼ
916 1047 1122 1140 ἐντετύχηκα,
1154 1042 1261 1129 ὥςπερ
1282 1059 1351 1124 νῦν,

337 1147 441 1221 οὐδεὶς
469 1140 537 1221 οἶός
567 1151 593 1210 ι’
622 1146 707 1211 ἐστὶν
733 1150 838 1220 ἀλλοις
863 1145 966 1228 λέγων
994 1144 1038 1228 μη
1059 1148 1099 1210 οὐ
1120 1143 1353 1225 καταγέλαστος

240 1262 246 1270 “
286 1247 314 1312 Β
338 1238 428 1308 εἶναι.
459 1243 522 1326 ἐγὼ
549 1245 607 1327 μὲν
636 1239 696 1308 οὖν
718 1238 759 1309 αὖ
780 1245 892 1326 τίθημι
912 1255 1012 1308 ταῦτα
1032 1243 1136 1318 οὕτως
1156 1240 1251 1326 ἔχειν.
1274 1245 1301 1306 εί
1321 1241 1353 1307 δὲ

337 1342 438 1416 οὕτως
459 1339 536 1425 ἔχει,
566 1342 618 1406 καί
646 1341 796 1424 μέγιστον
817 1345 884 1404 τοῖν
904 1346 1013 1406 κακοῖν
1034 1340 1120 1405 ἐστιν
1139 1342 1162 1423 ἡ
1181 1342 1293 1406 ἀδικία
1312 1351 1353 1422 τῷ

336 1441 511 1517 ἀδικοῦντι,
532 1441 586 1504 καὶ
600 1439 644 1503 ἔνι
663 1442 781 1503 τούτου
801 1443 911 1522 μεῖζον
931 1441 1082 1522 μεγίστου
1103 1442 1211 1515 ὄντος,
1235 1441 1262 1504 εί
1284 1433 1353 1504 οἷόν

337 1560 384 1612 νε
413 1540 449 1600 τδ
479 1538 654 1602 ἀδικοῦντα
681 1538 735 1619 μὴ
753 1539 878 1602 διδόναι
899 1539 1008 1619 δίκην,
1037 1537 1109 1600 τίνα
1130 1536 1172 1602 ἀν
1193 1538 1353 1619 βοήθειαν

337 1635 380 1717 μη
408 1636 588 1717 δννάμενος
615 1640 790 1716 ἀνθρωπος
820 1632 1001 1757 βοηθεῖν
986 1638 1091 1721 εαντηῖ
1118 1635 1353 1716 καταγέλαστος

338 1733 380 1797 ἀν
406 1744 444 1816 ιη
474 1734 608 1854 ἀληθείᾳ
629 1733 694 1815 εἴης
727 1728 774 1814 ἀρ’
799 1735 839 1798 οὐ
859 1734 989 1816 ταύτην,
1009 1733 1078 1815 ἥτις
1098 1729 1277 1814 ἀποτρέψει
1296 1731 1352 1816 την

338 1832 490 1914 μεγίστην
523 1833 616 1915 ημοῖν
652 1833 793 1914 βλάβην,·
828 1831 908 1894 ἀλλά
942 1827 1044 1912 ιιολλη
1079 1830 1206 1912 ἀνάηκη
1235 1832 1352 1912 ταύτην

339 1924 422 1993 εἶναι
457 1928 516 2011 νην
550 1929 713 2011 αἰσχίστην
742 1931 918 2011 βοήθειαν,
950 1929 993 2010 μὴ
1025 1929 1189 1992 δύνασθαι
1218 1929 1352 2010 βοηθεῖν

338 2030 415 2110 μήτε
442 2025 546 2114 ἑαυτῷ
564 2029 640 2109 μήτε
660 2014 736 2100 τοῖςΙ
749 2027 851 2091 αὑτοῦ
872 2028 977 2107 φίλοις
997 2048 1030 2089 τε
1050 2025 1104 2089 καὶ
1123 2027 1265 2104 οίιιείοις,
1286 2027 1351 2090 δεν·

277 2127 304 2193 G
338 2126 434 2207 τέραν
463 2125 496 2189 δὲ
526 2122 586 2207 την
613 2135 672 2188 τοῦ
699 2121 852 2205 δευτέρον
881 2135 984 2188 κακοῦ
1010 2123 1064 2187 καὶ
1083 2125 1196 2205 τρίτην
1216 2123 1278 2206 τὴν
1297 2134 1351 2187 τοῦ

339 2227 466 2307 τρίτου,
495 2223 549 2288 καί
578 2212 676 2286 τάλλα
704 2221 820 2296 οὕτως·
852 2223 895 2296 ὡς
923 2218 1059 2286 ἑκάστου
1087 2231 1191 2286 κακοῦ
1219 2220 1352 2304 μέγεθος
1404 2305 1406 2308 Ι

339 2322 494 2403 πέφυκεν,
516 2321 600 2385 οὕτω
616 2322 670 2385 καὶ
685 2322 800 2394 κάλλος
821 2330 879 2384 τοῦ
900 2319 1042 2384 δννανδν
1064 2313 1147 2384 εῖναι
1167 2317 1217 2400 ἐφ’
1239 2317 1351 2384 ἕκαστα

389 2523 418 2571 Ρ.
436 2519 495 2572 509.
529 2522 557 2570 Β.
593 2517 625 2569 ιδ
648 2517 827 2570 ἀδικοῦντα
851 2516 889 2584 μὴ
914 2517 1045 2568 διδόναι
1069 2517 1107 2584 δ.]
1133 2515 1180 2568 τὸν
1201 2515 1243 2569 α’δ.
1268 2519 1350 2570 Clark.

340 2591 398 2639 Vat.
417 2590 496 2640 Coisl.
516 2590 580 2639 Von.
600 2590 621 2639 Ξ
628 2588 659 2638 Σ.
687 2588 765 2639 vind.
782 2586 806 2638 2.
825 2587 849 2639 6.
868 2585 891 2638 7.
914 2589 972 2637 Ροι.
990 2587 1117 2637 BCFIV
1125 2587 1167 2639 W.
1192 2587 1269 2637 Bodl.
1286 2588 1349 2653 Aug.

337 2659 444 2708 Meerm.
461 2663 487 2707 et
503 2657 542 2706 ed.
560 2658 619 2707 Bas.
637 2656 661 2708 2.

390 2758 536 2822 βοηθεῖν
554 2756 633 2822 μήτε
651 2756 767 2824 ἑαυτῷ]
791 2752 863 2823 αὐτῷ
880 2755 968 2806 Clark.
986 2760 1016 2805 ut
1034 2756 1109 2826 Τιιιι.
1127 2756 1217 2807 Herm.
1237 2755 1292 2804 alii.

390 2859 419 2908 C.
454 2859 507 2907 καί
527 2850 621 2908 τᾶλλα
639 2857 757 2911 οὕτως·
777 2855 837 2923 οίο]
857 2858 943 2923 Vulgo
961 2863 1089 2907 commate
1105 2832 1321 2923 difitinguobamr.

341 3041 373 3091 ad
391 3043 502 3091 Horat.
522 2988 606 3090 Οειιιι.
624 3042 670 3102 ΙΙΙ,
687 3038 729 3101 24,
746 3040 770 3091 5
789 3071 822 3080 -
875 3043 938 3092 σθαι
960 3011 1056 3126 ιαιίτην
1074 3038 1123 3106 τὴν
1140 3038 1275 3105 βοηθειαν
1291 3042 1350 3106 βοη-

341 3104 820 3174 οίέγοῦνάνδόξειενοιίτωσιζ

340 3176 702 3241 quemadmodumoorte
715 3177 822 3227 v1deo

341 3252 393 3296 tur
410 3245 458 3294 sio
476 3246 586 3327 primo
596 3244 763 3327 adspectu.

374 3311 421 3362 ὅτι
436 3312 494 3373 μέν
502 3330 549 3362 τοι
564 3303 609 3361 οἷν
628 3309 719 3379 ἐηώ’
707 3329 765 3361 ενι
777 3311 819 3378 -]

340 3399 379 3431 ex
402 3382 446 3430 iis
469 3388 587 3443 tomen,
611 3397 691 3444 quos
716 3381 820 3431 offen-

340 3451 455 3511 derim,
479 3450 580 3499 sicuti
603 3465 702 3510 nunc,
725 3449 821 3498 nemi·

339 3534 403 3567 nem
426 3533 522 3583 posse
544 3533 609 3566 ιιοιι
634 3516 820 3566 ιῖιΙῖοιιΙιιιιι

340 3602 432 3643 esso,
473 3585 502 3634 si
545 3585 646 3634 aliter
686 3590 819 3634 statuat

339 3653 576 3704 FrustraCoraes
587 3649 672 3716 ὥσπερ
685 3658 734 3702 νῦν
746 3648 761 3702 ιί
767 3657 821 3712 μιν

339 3720 505 3772 scribendum
523 3721 642 3769 eonieoit.

373 3791 401 3838 B.
438 3786 561 3852 ταύτην
584 3781 676 3837 εἶναι
700 3784 757 3852 τὴν
775 3787 820 3836 αι’-

342 3859 480 3921 σχίσιην
504 3852 687 3919 βοήθειαν,
711 3852 752 3920 μὴ
770 3853 820 3905 δύ-

342 3925 469 3974 νασθαι
497 3922 545 3989 -]
580 3924 677 3972 Mirum
704 3923 752 3972 hoo
783 3923 822 3973 lo·

340 3992 436 4056 quendi
459 4008 541 4056 genus
565 3991 697 4051 videatur,
723 4007 774 4054 quo
793 3989 820 4040 ιδ

340 4058 518 4124 μὴδύνασθαι
534 4059 652 4124 βοηθεῖν
669 4059 764 4108 dicitur
781 4059 821 4107 αί-

342 4131 428 4192 σχίοιη
447 4124 601 4194 βοήθεια,
621 4143 700 4191 quum
717 4125 822 4177 deberet

341 4197 488 4258 turpissima
509 4196 597 4244 vocari
615 4196 735 4259 inopia.
770 4194 822 4244 Sed

342 4263 409 4311 nihil
426 4263 482 4312 Ιοοο
498 4263 661 4312 movendum.
686 4265 717 4312 Ιιι
734 4264 821 4312 animo

342 4330 434 4378 habuit
447 4331 515 4380 hone
533 4347 577 4380 sen
579 4332 698 4380 tentiam:
721 4327 822 4395 ἀιάηκη

344 4401 418 4447 τοῦτο
433 4398 565 4460 αἴσχιστοι
583 4393 665 4456 εἶναι,
688 4398 722 4464 μὴ
741 4396 821 4447 δύνα-

873 3109 967 3159 θεῖν’
953 3113 1072 3175 εαυτηῖκ.
1086 3111 1140 3158 τ..λ
1176 3109 1277 3159 Similis
1294 3109 1351 3158 huie

872 3179 989 3228 attractio
1012 3158 1052 3227 δεῖ
1072 3177 1180 3226 Lachet.
1201 3193 1227 3242 p
1243 3175 1302 3227 201.
1319 3178 1351 3226 B:

873 3244 919 3294 τὸν
944 3243 1059 3308 Ὅμηρον
1090 3243 1165 3293 δοκεῖ
1190 3260 1233 3304 μοι
1253 3262 1352 3329 χρηναι

873 3310 1083 3397 πηοβάλλεσθαι,
1107 3308 1137 3364 ὃς
1156 3313 1210 3376 ἔφη
1227 3309 1277 3363 οὐκ
1294 3330 1351 3378 αγα-

872 3373 971 3447 θὴν
942 3399 1012 3430 ειναι
1026 3377 1094 3430 alto
1106 3378 1257 3464 κεχρημένη)
1276 3377 1351 3463 ἀνδρί

872 3455 1001 3508 παρεῖναι,
1019 3432 1054 3498 h.
1057 3463 1078 3496 e.
1097 3443 1145 3496 οιίκ
1162 3429 1271 3513 ἀγαθδν
1288 3441 1353 3498 εἶναι

871 3516 988 3566 aloo-
1007 3521 1133 3580 παρεῖναι.

907 3618 936 3680 C.
972 3614 1012 3670 οῖς
1036 3612 1180 3666 ἑκάστου
1199 3622 1349 3667 κακοῦ-

873 3690 930 3735 τοῦ
958 3683 1013 3751 μή]
1051 3683 1191 3734 Adduntur
1219 3685 1286 3736 booo
1311 3699 1353 3766 por

873 3750 1030 3818 ἐπεξήγησιν
1050 3752 1137 3802 verbis
1155 3751 1198 3801 καί
1218 3744 1295 3803 τᾶλλα
1312 3749 1352 3802 οὔ·

873 3838 929 3873 τοι
963 3821 1064 3883 Quibus
1087 3821 1110 3869 εἰ
1133 3821 1295 3886 cogitatione
1314 3819 1351 3870 od·

872 3889 964 3939 iecoris
993 3887 1102 3938 verbum
1131 3887 1182 3952 ίχει
1210 3889 1353 3953 frequenter

872 3958 911 4007 sio
928 3957 1066 4017 omissum,
1089 3955 1163 4005 noles
1180 3957 1298 4020 profecto
1315 3954 1351 4004 αί-

875 4021 974 4088 σχύνην
996 4040 1056 4074 oum
1082 4023 1291 4074 Heindorfio
1318 4039 1353 4073 ro·

872 4108 975 4158 ponere.
1009 4093 1112 4141 Etenim
1133 4092 1171 4140 ita
1189 4090 1249 4142 ἐστι’
1263 4091 1353 4142 inteni-

872 4160 985 4226 gendum
1002 4175 1058 4213 esse
1074 4159 1164 4223 liquot

908 4261 970 4324 Cap.
988 4260 1069 4310 LXV.
1099 4262 1133 4310 D.
1163 4255 1353 4324 οάκάδικῆ·

875 4328 980 4392 σεται]
1016 4328 1165 4379 iniuriae
1199 4345 1265 4378 non
1293 4329 1354 4377 orit

874 4396 1049 4448 obnoxius.
1102 4396 1148 4446 sto
1182 4392 1354 4462 ἀδικήσεσθαι
