<?xml version="1.0" encoding="UTF-8"?>
<!DOCTYPE html PUBLIC "-//W3C//DTD XHTML 1.0 Transitional//EN"
    "http://www.w3.org/TR/xhtml1/DTD/xhtml1-transitional.dtd">
<html xmlns="http://www.w3.org/1999/xhtml" xml:lang="en" lang="en">
 <head>
  <title>
</title>
<meta http-equiv="Content-Type" content="text/html;charset=utf-8" />
  <meta name='ocr-system' content='tesseract 3.04.00' />
  <meta name='ocr-capabilities' content='ocr_page ocr_carea ocr_par ocr_line ocrx_word'/>
</head>
<body>
  <div class='ocr_page' id='page_1' title='image "./platonisgorgias02platgoog_0260.png"; bbox 0 0 3242 5259; ppageno 0'>
   <div class='ocr_carea' id='block_1_1' title="bbox 359 588 968 651">
    <p class='ocr_par' dir='ltr' id='par_1_1' title="bbox 359 588 968 651">
     <span class='ocr_line' id='line_1_1' title="bbox 359 588 968 651; baseline 0.002 -3"><span class='ocrx_word' id='word_1_1' title='bbox 359 592 418 650; x_wconf 76' lang='grc'><strong>228</strong></span> <span class='ocrx_word' id='word_1_2' title='bbox 772 588 968 651; x_wconf 81' lang='lat' dir='ltr'><strong>PLATONIS</strong></span> 
     </span>
    </p>
   </div>
   <div class='ocr_carea' id='block_1_2' title="bbox 273 746 1375 1520">
    <p class='ocr_par' dir='ltr' id='par_1_2' title="bbox 273 746 1375 1520">
     <span class='ocr_line' id='line_1_2' title="bbox 273 746 1371 834; baseline -0.005 -14"><span class='ocrx_word' id='word_1_3' title='bbox 273 757 336 821; x_wconf 81' lang='lat'><strong>492</strong></span> <span class='ocrx_word' id='word_1_4' title='bbox 358 752 581 834; x_wconf 64' lang='lat' dir='ltr'><strong>ripuariorum</strong></span> <span class='ocrx_word' id='word_1_5' title='bbox 601 756 712 827; x_wconf 79' lang='grc' dir='ltr'><em>οὔσαις</em></span> <span class='ocrx_word' id='word_1_6' title='bbox 732 755 846 816; x_wconf 86' lang='grc' dir='ltr'><em>ίκανδν</em></span> <span class='ocrx_word' id='word_1_7' title='bbox 867 747 949 816; x_wconf 82' lang='grc' dir='ltr'><em>εἶναι</em></span> <span class='ocrx_word' id='word_1_8' title='bbox 970 753 1139 834; x_wconf 79' lang='grc' dir='ltr'><strong><em>ὑπηρετεῖν</em></strong></span> <span class='ocrx_word' id='word_1_9' title='bbox 1160 746 1198 815; x_wconf 86' lang='grc' dir='ltr'><strong>δι’</strong></span> <span class='ocrx_word' id='word_1_10' title='bbox 1223 750 1371 833; x_wconf 76' lang='grc' dir='ltr'><em>ἀνδρείαν</em></span> 
     </span>
     <span class='ocr_line' id='line_1_3' title="bbox 358 838 1371 932; baseline -0.002 -18"><span class='ocrx_word' id='word_1_11' title='bbox 358 851 411 914; x_wconf 81' lang='grc' dir='ltr'><strong>καί</strong></span> <span class='ocrx_word' id='word_1_12' title='bbox 433 852 593 932; x_wconf 80' lang='grc' dir='ltr'><strong><em>φρόνησιν</em></strong></span> <span class='ocrx_word' id='word_1_13' title='bbox 621 850 673 913; x_wconf 85' lang='grc' dir='ltr'><strong>καὶ</strong></span> <span class='ocrx_word' id='word_1_14' title='bbox 695 852 938 928; x_wconf 69' lang='grc' dir='ltr'><strong>ἀποπιμπλάναι</strong></span> <span class='ocrx_word' id='word_1_15' title='bbox 966 838 1013 913; x_wconf 78' lang='grc' dir='ltr'><em>ὧν</em></span> <span class='ocrx_word' id='word_1_16' title='bbox 1033 850 1075 913; x_wconf 86' lang='grc' dir='ltr'><em>ἀν</em></span> <span class='ocrx_word' id='word_1_17' title='bbox 1097 850 1145 913; x_wconf 86' lang='grc' dir='ltr'><em>ἀεὶ</em></span> <span class='ocrx_word' id='word_1_18' title='bbox 1165 851 1187 932; x_wconf 80' lang='grc' dir='ltr'><em>ἡ</em></span> <span class='ocrx_word' id='word_1_19' title='bbox 1218 848 1371 931; x_wconf 77' lang='grc' dir='ltr'><em>ἐπιθυμία</em></span> 
     </span>
     <span class='ocr_line' id='line_1_4' title="bbox 357 942 1371 1030; baseline 0.001 -20"><span class='ocrx_word' id='word_1_20' title='bbox 357 949 513 1030; x_wconf 78' lang='grc' dir='ltr'><em>γίγνηται.</em></span> <span class='ocrx_word' id='word_1_21' title='bbox 545 947 624 1011; x_wconf 83' lang='grc' dir='ltr'><em>ἀλλὰ</em></span> <span class='ocrx_word' id='word_1_22' title='bbox 645 945 740 1026; x_wconf 79' lang='grc' dir='ltr'><em>τοῦτ’,</em></span> <span class='ocrx_word' id='word_1_23' title='bbox 770 942 877 1030; x_wconf 82' lang='grc' dir='ltr'><em>οἶμαι,</em></span> <span class='ocrx_word' id='word_1_24' title='bbox 904 952 972 1022; x_wconf 84' lang='grc' dir='ltr'><em>τοῖς</em></span> <span class='ocrx_word' id='word_1_25' title='bbox 992 952 1123 1022; x_wconf 80' lang='grc' dir='ltr'><em>πολλοῖς</em></span> <span class='ocrx_word' id='word_1_26' title='bbox 1152 949 1192 1011; x_wconf 86' lang='grc' dir='ltr'><strong>οὐ</strong></span> <span class='ocrx_word' id='word_1_27' title='bbox 1215 948 1371 1011; x_wconf 89' lang='grc' dir='ltr'><em>δυνατόν·</em></span> 
     </span>
     <span class='ocr_line' id='line_1_5' title="bbox 358 1038 1372 1128; baseline 0 -20"><span class='ocrx_word' id='word_1_28' title='bbox 358 1045 437 1109; x_wconf 83' lang='grc' dir='ltr'><em>ὅθεν</em></span> <span class='ocrx_word' id='word_1_29' title='bbox 456 1043 592 1127; x_wconf 75' lang='grc' dir='ltr'><em>ψέγουσι</em></span> <span class='ocrx_word' id='word_1_30' title='bbox 612 1041 690 1121; x_wconf 85' lang='grc' dir='ltr'><em>τοὺς</em></span> <span class='ocrx_word' id='word_1_31' title='bbox 710 1047 877 1120; x_wconf 81' lang='grc' dir='ltr'><em>τοιούτους</em></span> <span class='ocrx_word' id='word_1_32' title='bbox 909 1038 944 1108; x_wconf 90' lang='grc' dir='ltr'><strong>δι’</strong></span> <span class='ocrx_word' id='word_1_33' title='bbox 968 1046 1143 1128; x_wconf 78' lang='grc' dir='ltr'><em>αἰσχύνην,</em></span> <span class='ocrx_word' id='word_1_34' title='bbox 1173 1047 1372 1126; x_wconf 86' lang='grc' dir='ltr'><em>ἀποκρυπτό-</em></span> 
     </span>
     <span class='ocr_line' id='line_1_6' title="bbox 357 1138 1373 1225; baseline 0.001 -21"><span class='ocrx_word' id='word_1_35' title='bbox 357 1164 447 1223; x_wconf 84' lang='grc' dir='ltr'><em>μενοι</em></span> <span class='ocrx_word' id='word_1_36' title='bbox 468 1141 527 1224; x_wconf 75' lang='grc' dir='ltr'><em>τὴν</em></span> <span class='ocrx_word' id='word_1_37' title='bbox 549 1142 657 1206; x_wconf 80' lang='grc' dir='ltr'><em>αὐτῶν</em></span> <span class='ocrx_word' id='word_1_38' title='bbox 677 1143 871 1225; x_wconf 83' lang='grc' dir='ltr'><em>ἀδυναμίαν,</em></span> <span class='ocrx_word' id='word_1_39' title='bbox 893 1143 947 1206; x_wconf 82' lang='grc' dir='ltr'><strong>καὶ</strong></span> <span class='ocrx_word' id='word_1_40' title='bbox 968 1142 1100 1224; x_wconf 85' lang='grc' dir='ltr'><em>αἰσχρὸν</em></span> <span class='ocrx_word' id='word_1_41' title='bbox 1117 1142 1157 1225; x_wconf 84' lang='grc' dir='ltr'><strong>δή</strong></span> <span class='ocrx_word' id='word_1_42' title='bbox 1175 1160 1280 1223; x_wconf 83' lang='grc' dir='ltr'><em>φασιν</em></span> <span class='ocrx_word' id='word_1_43' title='bbox 1295 1138 1373 1206; x_wconf 80' lang='grc' dir='ltr'><em>εἶναι</em></span> 
     </span>
     <span class='ocr_line' id='line_1_7' title="bbox 356 1237 1373 1322; baseline 0.002 -20"><span class='ocrx_word' id='word_1_44' title='bbox 356 1238 416 1322; x_wconf 75' lang='grc' dir='ltr'><em>τὴν</em></span> <span class='ocrx_word' id='word_1_45' title='bbox 438 1240 621 1302; x_wconf 81' lang='grc' dir='ltr'><em>ἀκολασίαν.</em></span> <span class='ocrx_word' id='word_1_46' title='bbox 651 1240 727 1319; x_wconf 86' lang='grc' dir='ltr'><em>ὅπερ</em></span> <span class='ocrx_word' id='word_1_47' title='bbox 754 1239 789 1304; x_wconf 77' lang='grc' dir='ltr'><em>ἐν</em></span> <span class='ocrx_word' id='word_1_48' title='bbox 809 1246 876 1314; x_wconf 81' lang='grc' dir='ltr'><em>τοῖς</em></span> <span class='ocrx_word' id='word_1_49' title='bbox 896 1240 1041 1320; x_wconf 86' lang='grc' dir='ltr'><em>πρόσθεν</em></span> <span class='ocrx_word' id='word_1_50' title='bbox 1063 1238 1126 1320; x_wconf 79' lang='grc' dir='ltr'><strong>ἐμὼ</strong></span> <span class='ocrx_word' id='word_1_51' title='bbox 1147 1237 1275 1322; x_wconf 80' lang='grc' dir='ltr'><em>ἔλεγον,</em></span> <span class='ocrx_word' id='word_1_52' title='bbox 1305 1243 1373 1304; x_wconf 94' lang='grc' dir='ltr'><em>δου-</em></span> 
     </span>
     <span class='ocr_line' id='line_1_8' title="bbox 357 1337 1373 1420; baseline 0.003 -21"><span class='ocrx_word' id='word_1_53' title='bbox 357 1339 508 1418; x_wconf 87' lang='grc' dir='ltr'><em>λούμενοι</em></span> <span class='ocrx_word' id='word_1_54' title='bbox 528 1337 604 1412; x_wconf 70' lang='grc' dir='ltr'><em>τοὺς</em></span> <span class='ocrx_word' id='word_1_55' title='bbox 625 1340 770 1418; x_wconf 83' lang='grc' dir='ltr'><em>βελτίους</em></span> <span class='ocrx_word' id='word_1_56' title='bbox 789 1338 850 1420; x_wconf 80' lang='grc' dir='ltr'><em>τὴν</em></span> <span class='ocrx_word' id='word_1_57' title='bbox 872 1339 973 1418; x_wconf 85' lang='grc' dir='ltr'><em>φύσιν</em></span> <span class='ocrx_word' id='word_1_58' title='bbox 994 1338 1214 1419; x_wconf 82' lang='grc' dir='ltr'><em>ἀνθρώπους,</em></span> <span class='ocrx_word' id='word_1_59' title='bbox 1246 1338 1302 1403; x_wconf 83' lang='grc' dir='ltr'><strong>καὶ</strong></span> <span class='ocrx_word' id='word_1_60' title='bbox 1322 1342 1373 1402; x_wconf 86' lang='grc' dir='ltr'><strong>αύ-</strong></span> 
     </span>
     <span class='ocr_line' id='line_1_9' title="bbox 356 1433 1375 1520; baseline 0.004 -24"><span class='ocrx_word' id='word_1_61' title='bbox 356 1433 404 1498; x_wconf 85' lang='grc' dir='ltr'><strong>τοὶ</strong></span> <span class='ocrx_word' id='word_1_62' title='bbox 427 1435 466 1496; x_wconf 88' lang='grc' dir='ltr'><strong>ού</strong></span> <span class='ocrx_word' id='word_1_63' title='bbox 495 1435 670 1516; x_wconf 90' lang='grc' dir='ltr'><em>δυυάμενοι</em></span> <span class='ocrx_word' id='word_1_64' title='bbox 699 1433 924 1515; x_wconf 75' lang='grc' dir='ltr'><em>ἐκπορίζεσθαι</em></span> <span class='ocrx_word' id='word_1_65' title='bbox 952 1441 1021 1509; x_wconf 89' lang='grc' dir='ltr'><em>ταῖς</em></span> <span class='ocrx_word' id='word_1_66' title='bbox 1047 1435 1181 1518; x_wconf 80' lang='grc' dir='ltr'><em>ἡδοναῖς</em></span> <span class='ocrx_word' id='word_1_67' title='bbox 1212 1438 1375 1520; x_wconf 83' lang='grc' dir='ltr'><em>πλήρωσιν</em></span> 
     </span>
    </p>
   </div>
   <div class='ocr_carea' id='block_1_3' title="bbox 355 1648 1373 2258">
    <p class='ocr_par' dir='ltr' id='par_1_3' title="bbox 355 1648 1373 2258">
     <span class='ocr_line' id='line_1_10' title="bbox 405 1648 1373 1718; baseline 0 -16"><span class='ocrx_word' id='word_1_68' title='bbox 405 1653 435 1702; x_wconf 90' lang='grc' dir='ltr'><strong>Ρ.</strong></span> <span class='ocrx_word' id='word_1_69' title='bbox 452 1649 515 1702; x_wconf 76' lang='grc'><strong>492.</strong></span> <span class='ocrx_word' id='word_1_70' title='bbox 539 1649 574 1702; x_wconf 84' lang='grc' dir='ltr'><strong>δι’</strong></span> <span class='ocrx_word' id='word_1_71' title='bbox 594 1648 733 1716; x_wconf 87' lang='grc' dir='ltr'><em>ἀνδρεία</em></span> <span class='ocrx_word' id='word_1_72' title='bbox 743 1651 771 1717; x_wconf 86' lang='grc' dir='ltr'><strong>υ]</strong></span> <span class='ocrx_word' id='word_1_73' title='bbox 808 1654 911 1702; x_wconf 82' lang='lat' dir='ltr'><strong>Tenent</strong></span> <span class='ocrx_word' id='word_1_74' title='bbox 933 1653 1042 1702; x_wconf 86' lang='lat' dir='ltr'><strong>formam</strong></span> <span class='ocrx_word' id='word_1_75' title='bbox 1060 1648 1191 1715; x_wconf 79' lang='grc' dir='ltr'><em>ἀνδρείαν</em></span> <span class='ocrx_word' id='word_1_76' title='bbox 1209 1669 1268 1703; x_wconf 90' lang='lat' dir='ltr'><strong>cum</strong></span> <span class='ocrx_word' id='word_1_77' title='bbox 1288 1653 1373 1718; x_wconf 86' lang='lat' dir='ltr'><strong>Stepb.</strong></span> 
     </span>
     <span class='ocr_line' id='line_1_11' title="bbox 355 1719 1372 1784; baseline 0.002 -17"><span class='ocrx_word' id='word_1_78' title='bbox 355 1719 415 1769; x_wconf 88' lang='lat' dir='ltr'><strong>libri</strong></span> <span class='ocrx_word' id='word_1_79' title='bbox 433 1721 513 1769; x_wconf 88' lang='lat' dir='ltr'><strong>nostri</strong></span> <span class='ocrx_word' id='word_1_80' title='bbox 536 1720 655 1770; x_wconf 88' lang='lat' dir='ltr'><strong>meliores</strong></span> <span class='ocrx_word' id='word_1_81' title='bbox 673 1736 774 1782; x_wconf 83' lang='lat' dir='ltr'><strong>omnes,</strong></span> <span class='ocrx_word' id='word_1_82' title='bbox 799 1722 825 1769; x_wconf 92' lang='lat' dir='ltr'><strong>in</strong></span> <span class='ocrx_word' id='word_1_83' title='bbox 849 1720 943 1784; x_wconf 91' lang='lat' dir='ltr'><strong>quibus</strong></span> <span class='ocrx_word' id='word_1_84' title='bbox 965 1725 1004 1769; x_wconf 88' lang='lat' dir='ltr'><strong>est</strong></span> <span class='ocrx_word' id='word_1_85' title='bbox 1027 1722 1105 1770; x_wconf 85' lang='lat' dir='ltr'><strong>ctiam</strong></span> <span class='ocrx_word' id='word_1_86' title='bbox 1128 1720 1219 1771; x_wconf 81' lang='lat' dir='ltr'><strong>Clark.</strong></span> <span class='ocrx_word' id='word_1_87' title='bbox 1237 1722 1372 1772; x_wconf 83' lang='lat' dir='ltr'><strong>Bekkems</strong></span> 
     </span>
     <span class='ocr_line' id='line_1_12' title="bbox 356 1784 1369 1852; baseline 0.001 -17"><span class='ocrx_word' id='word_1_88' title='bbox 356 1786 449 1837; x_wconf 87' lang='lat' dir='ltr'><strong>lectore</strong></span> <span class='ocrx_word' id='word_1_89' title='bbox 467 1804 519 1837; x_wconf 92' lang='lat' dir='ltr'><strong>non</strong></span> <span class='ocrx_word' id='word_1_90' title='bbox 537 1789 634 1837; x_wconf 91' lang='lat' dir='ltr'><strong>monito</strong></span> <span class='ocrx_word' id='word_1_91' title='bbox 658 1802 717 1837; x_wconf 91' lang='lat' dir='ltr'><strong>cum</strong></span> <span class='ocrx_word' id='word_1_92' title='bbox 736 1787 873 1837; x_wconf 53' lang='lat' dir='ltr'><strong>Aldsssas.</strong></span> <span class='ocrx_word' id='word_1_93' title='bbox 892 1786 915 1836; x_wconf 91' lang='lat'><strong>1.</strong></span> <span class='ocrx_word' id='word_1_94' title='bbox 933 1786 957 1836; x_wconf 81' lang='lat'><strong>2.</strong></span> <span class='ocrx_word' id='word_1_95' title='bbox 976 1784 1089 1852; x_wconf 87' lang='grc' dir='ltr'><em>ἀνδρίαν</em></span> <span class='ocrx_word' id='word_1_96' title='bbox 1106 1789 1220 1852; x_wconf 81' lang='lat' dir='ltr'>scripsit.</span> <span class='ocrx_word' id='word_1_97' title='bbox 1256 1789 1308 1839; x_wconf 88' lang='lat' dir='ltr'><strong>Sed</strong></span> <span class='ocrx_word' id='word_1_98' title='bbox 1326 1786 1369 1838; x_wconf 86' lang='grc' dir='ltr'><em>ἀι·-</em></span> 
     </span>
     <span class='ocr_line' id='line_1_13' title="bbox 356 1854 1370 1920; baseline 0.004 -18"><span class='ocrx_word' id='word_1_99' title='bbox 356 1854 417 1916; x_wconf 86' lang='grc' dir='ltr'><em>δρία</em></span> <span class='ocrx_word' id='word_1_100' title='bbox 435 1856 565 1919; x_wconf 87' lang='lat' dir='ltr'><strong>proprinm</strong></span> <span class='ocrx_word' id='word_1_101' title='bbox 584 1855 683 1905; x_wconf 89' lang='lat' dir='ltr'><strong>videtur</strong></span> <span class='ocrx_word' id='word_1_102' title='bbox 700 1856 849 1920; x_wconf 85' lang='lat' dir='ltr'><strong>posterioris</strong></span> <span class='ocrx_word' id='word_1_103' title='bbox 868 1856 1004 1914; x_wconf 73' lang='lat' dir='ltr'><strong>atticismi3</strong></span> <span class='ocrx_word' id='word_1_104' title='bbox 1028 1855 1096 1920; x_wconf 80' lang='lat' dir='ltr'><strong>apud</strong></span> <span class='ocrx_word' id='word_1_105' title='bbox 1115 1855 1252 1905; x_wconf 79' lang='lat' dir='ltr'><strong>Platonem</strong></span> <span class='ocrx_word' id='word_1_106' title='bbox 1279 1863 1370 1915; x_wconf 87' lang='lat' dir='ltr'><strong>autem,</strong></span> 
     </span>
     <span class='ocr_line' id='line_1_14' title="bbox 356 1918 1371 1988; baseline 0.003 -19"><span class='ocrx_word' id='word_1_107' title='bbox 356 1923 428 1970; x_wconf 82' lang='lat' dir='ltr'><strong>cuius</strong></span> <span class='ocrx_word' id='word_1_108' title='bbox 451 1929 538 1971; x_wconf 82' lang='lat' dir='ltr'><strong>tamen</strong></span> <span class='ocrx_word' id='word_1_109' title='bbox 560 1923 635 1972; x_wconf 83' lang='lat' dir='ltr'>codd.</span> <span class='ocrx_word' id='word_1_110' title='bbox 657 1923 766 1972; x_wconf 88' lang='lat' dir='ltr'><strong>multum</strong></span> <span class='ocrx_word' id='word_1_111' title='bbox 789 1923 959 1984; x_wconf 88' lang='lat' dir='ltr'><strong>dissentiunt,</strong></span> <span class='ocrx_word' id='word_1_112' title='bbox 985 1918 1096 1986; x_wconf 89' lang='grc' dir='ltr'><em>ἀνδρειό</em></span> <span class='ocrx_word' id='word_1_113' title='bbox 1120 1924 1283 1988; x_wconf 85' lang='lat' dir='ltr'><strong>praeferam,</strong></span> <span class='ocrx_word' id='word_1_114' title='bbox 1307 1924 1371 1988; x_wconf 91' lang='lat' dir='ltr'><strong>qnod</strong></span> 
     </span>
     <span class='ocr_line' id='line_1_15' title="bbox 355 1987 1372 2056; baseline 0.002 -18"><span class='ocrx_word' id='word_1_115' title='bbox 355 1988 459 2038; x_wconf 87' lang='lat' dir='ltr'><strong>ductum</strong></span> <span class='ocrx_word' id='word_1_116' title='bbox 477 1996 516 2038; x_wconf 88' lang='lat' dir='ltr'><strong>est</strong></span> <span class='ocrx_word' id='word_1_117' title='bbox 534 1992 565 2039; x_wconf 83' lang='lat' dir='ltr'><strong>ab</strong></span> <span class='ocrx_word' id='word_1_118' title='bbox 584 1992 671 2039; x_wconf 91' lang='lat' dir='ltr'><strong>Ionioo</strong></span> <span class='ocrx_word' id='word_1_119' title='bbox 690 1987 814 2056; x_wconf 75' lang='grc' dir='ltr'><em>ἀνδρηίῃ.</em></span> <span class='ocrx_word' id='word_1_120' title='bbox 848 1991 899 2040; x_wconf 81' lang='lat' dir='ltr'><strong>Sed</strong></span> <span class='ocrx_word' id='word_1_121' title='bbox 916 1987 1049 2053; x_wconf 86' lang='grc' dir='ltr'><em>ἀνανδρία</em></span> <span class='ocrx_word' id='word_1_122' title='bbox 1066 1992 1144 2040; x_wconf 91' lang='lat' dir='ltr'><strong>unice</strong></span> <span class='ocrx_word' id='word_1_123' title='bbox 1161 2007 1262 2052; x_wconf 84' lang='lat' dir='ltr'><strong>verum,</strong></span> <span class='ocrx_word' id='word_1_124' title='bbox 1282 1994 1372 2056; x_wconf 84' lang='lat' dir='ltr'><strong>quippe</strong></span> 
     </span>
     <span class='ocr_line' id='line_1_16' title="bbox 355 2054 1372 2125; baseline 0.004 -21"><span class='ocrx_word' id='word_1_125' title='bbox 355 2057 424 2120; x_wconf 90' lang='lat' dir='ltr'><strong>quod</strong></span> <span class='ocrx_word' id='word_1_126' title='bbox 442 2059 473 2106; x_wconf 84' lang='lat' dir='ltr'><strong>ab</strong></span> <span class='ocrx_word' id='word_1_127' title='bbox 492 2057 619 2108; x_wconf 79' lang='lat' dir='ltr'><strong>adiectivo</strong></span> <span class='ocrx_word' id='word_1_128' title='bbox 637 2054 770 2122; x_wconf 74' lang='grc' dir='ltr'><em>ἄνανδροι</em></span> <span class='ocrx_word' id='word_1_129' title='bbox 789 2059 932 2108; x_wconf 88' lang='lat' dir='ltr'><strong>derivatum</strong></span> <span class='ocrx_word' id='word_1_130' title='bbox 951 2063 997 2107; x_wconf 89' lang='lat' dir='ltr'><strong>est.</strong></span> <span class='ocrx_word' id='word_1_131' title='bbox 1027 2060 1095 2108; x_wconf 88' lang='lat' dir='ltr'><strong>conf.</strong></span> <span class='ocrx_word' id='word_1_132' title='bbox 1118 2059 1152 2108; x_wconf 89' lang='lat' dir='ltr'><strong>ad</strong></span> <span class='ocrx_word' id='word_1_133' title='bbox 1170 2059 1284 2125; x_wconf 79' lang='lat' dir='ltr'><strong>Apolog.</strong></span> <span class='ocrx_word' id='word_1_134' title='bbox 1303 2060 1372 2110; x_wconf 86' lang='lat' dir='ltr'><strong>Socr.</strong></span> 
     </span>
     <span class='ocr_line' id='line_1_17' title="bbox 356 2122 1371 2192; baseline 0 -18"><span class='ocrx_word' id='word_1_135' title='bbox 356 2141 379 2188; x_wconf 90' lang='lat' dir='ltr'><strong>p.</strong></span> <span class='ocrx_word' id='word_1_136' title='bbox 399 2122 440 2174; x_wconf 74' lang='lat'><strong>35.</strong></span> <span class='ocrx_word' id='word_1_137' title='bbox 458 2126 489 2174; x_wconf 84' lang='lat' dir='ltr'><strong>A.</strong></span> <span class='ocrx_word' id='word_1_138' title='bbox 508 2126 583 2175; x_wconf 86' lang='lat' dir='ltr'><strong>etad</strong></span> <span class='ocrx_word' id='word_1_139' title='bbox 602 2125 700 2190; x_wconf 83' lang='lat' dir='ltr'><strong>Cratyl.</strong></span> <span class='ocrx_word' id='word_1_140' title='bbox 718 2142 741 2189; x_wconf 93' lang='lat' dir='ltr'><strong>p.</strong></span> <span class='ocrx_word' id='word_1_141' title='bbox 759 2124 818 2176; x_wconf 90' lang='grc'><strong>413.</strong></span> <span class='ocrx_word' id='word_1_142' title='bbox 837 2127 869 2176; x_wconf 89' lang='grc' dir='ltr'><strong>Ι).</strong></span> <span class='ocrx_word' id='word_1_143' title='bbox 887 2142 955 2191; x_wconf 88' lang='lat' dir='ltr'><strong>seq.,</strong></span> <span class='ocrx_word' id='word_1_144' title='bbox 981 2125 1028 2174; x_wconf 93' lang='lat' dir='ltr'><strong>ubi</strong></span> <span class='ocrx_word' id='word_1_145' title='bbox 1044 2122 1157 2191; x_wconf 82' lang='grc' dir='ltr'><em>ἀνδρεία</em></span> <span class='ocrx_word' id='word_1_146' title='bbox 1180 2128 1214 2177; x_wconf 94' lang='lat' dir='ltr'><strong>ab</strong></span> <span class='ocrx_word' id='word_1_147' title='bbox 1238 2123 1296 2176; x_wconf 84' lang='grc' dir='ltr'><em>ἀνω</em></span> <span class='ocrx_word' id='word_1_148' title='bbox 1316 2125 1371 2192; x_wconf 77' lang='grc' dir='ltr'><em>ρἐῖν</em></span> 
     </span>
     <span class='ocr_line' id='line_1_18' title="bbox 355 2191 794 2258; baseline 0.005 -18"><span class='ocrx_word' id='word_1_149' title='bbox 355 2192 499 2255; x_wconf 83' lang='lat' dir='ltr'><strong>deducitur,</strong></span> <span class='ocrx_word' id='word_1_150' title='bbox 518 2200 543 2243; x_wconf 88' lang='lat' dir='ltr'><strong>et</strong></span> <span class='ocrx_word' id='word_1_151' title='bbox 560 2193 627 2243; x_wconf 87' lang='lat' dir='ltr'><strong>inira</strong></span> <span class='ocrx_word' id='word_1_152' title='bbox 645 2210 668 2258; x_wconf 88' lang='lat' dir='ltr'><strong>p.</strong></span> <span class='ocrx_word' id='word_1_153' title='bbox 687 2191 745 2245; x_wconf 78' lang='lat'>495.</span> <span class='ocrx_word' id='word_1_154' title='bbox 765 2193 794 2242; x_wconf 79' lang='grc' dir='ltr'><strong>Ο.</strong></span> 
     </span>
    </p>
   </div>
   <div class='ocr_carea' id='block_1_4' title="bbox 356 2325 1371 2460">
    <p class='ocr_par' dir='ltr' id='par_1_4' title="bbox 356 2325 1371 2460">
     <span class='ocr_line' id='line_1_19' title="bbox 406 2325 1371 2391; baseline 0.004 -16"><span class='ocrx_word' id='word_1_155' title='bbox 406 2325 441 2376; x_wconf 82' lang='grc' dir='ltr'><em>ἐν</em></span> <span class='ocrx_word' id='word_1_156' title='bbox 459 2333 526 2379; x_wconf 73' lang='grc' dir='ltr'><em>τοῖς</em></span> <span class='ocrx_word' id='word_1_157' title='bbox 545 2325 712 2391; x_wconf 74' lang='grc' dir='ltr'><em>πρότιθεν]</em></span> <span class='ocrx_word' id='word_1_158' title='bbox 748 2327 779 2380; x_wconf 88' lang='lat' dir='ltr'><strong>V.</strong></span> <span class='ocrx_word' id='word_1_159' title='bbox 807 2327 962 2391; x_wconf 74' lang='grc' dir='ltr'><em>ἔμπροσθεν</em></span> <span class='ocrx_word' id='word_1_160' title='bbox 990 2327 1188 2378; x_wconf 85' lang='lat' dir='ltr'><strong>adversantibus</strong></span> <span class='ocrx_word' id='word_1_161' title='bbox 1207 2328 1298 2380; x_wconf 83' lang='lat' dir='ltr'><strong>Clark.</strong></span> <span class='ocrx_word' id='word_1_162' title='bbox 1317 2330 1371 2379; x_wconf 88' lang='lat' dir='ltr'><strong>Vat.</strong></span> 
     </span>
     <span class='ocr_line' id='line_1_20' title="bbox 356 2391 1070 2460; baseline 0.001 -16"><span class='ocrx_word' id='word_1_163' title='bbox 356 2395 420 2444; x_wconf 90' lang='lat' dir='ltr'><strong>Ven.</strong></span> <span class='ocrx_word' id='word_1_164' title='bbox 440 2394 499 2446; x_wconf 83' lang='grc' dir='ltr'><strong>ΞΣ.</strong></span> <span class='ocrx_word' id='word_1_165' title='bbox 518 2395 596 2445; x_wconf 87' lang='lat' dir='ltr'><strong>Vind.</strong></span> <span class='ocrx_word' id='word_1_166' title='bbox 616 2391 638 2444; x_wconf 91' lang='grc'><strong>1.</strong></span> <span class='ocrx_word' id='word_1_167' title='bbox 657 2392 681 2444; x_wconf 79' lang='grc'><strong>2.</strong></span> <span class='ocrx_word' id='word_1_168' title='bbox 699 2393 723 2445; x_wconf 87' lang='grc'><strong>6.</strong></span> <span class='ocrx_word' id='word_1_169' title='bbox 743 2391 765 2448; x_wconf 79' lang='lat' dir='ltr'><strong>l.</strong></span> <span class='ocrx_word' id='word_1_170' title='bbox 785 2395 853 2460; x_wconf 78' lang='lat' dir='ltr'><strong>Aug.</strong></span> <span class='ocrx_word' id='word_1_171' title='bbox 872 2394 944 2448; x_wconf 91' lang='lat' dir='ltr'><strong>Bodl.</strong></span> <span class='ocrx_word' id='word_1_172' title='bbox 964 2396 1070 2445; x_wconf 86' lang='lat' dir='ltr'><strong>Meerm.</strong></span> 
     </span>
    </p>
   </div>
   <div class='ocr_carea' id='block_1_5' title="bbox 356 2560 836 2628">
    <p class='ocr_par' dir='ltr' id='par_1_5' title="bbox 356 2560 836 2628">
     <span class='ocr_line' id='line_1_21' title="bbox 356 2560 836 2628; baseline -0.002 -17"><span class='ocrx_word' id='word_1_173' title='bbox 356 2562 450 2612; x_wconf 78' lang='grc' dir='ltr'><em>ἑαυτοῦ</em></span> <span class='ocrx_word' id='word_1_174' title='bbox 471 2560 590 2628; x_wconf 81' lang='grc' dir='ltr'><em>λέγομεν.</em></span> <span class='ocrx_word' id='word_1_175' title='bbox 632 2564 674 2612; x_wconf 83' lang='lat' dir='ltr'><strong>Sic</strong></span> <span class='ocrx_word' id='word_1_176' title='bbox 703 2563 836 2628; x_wconf 76' lang='lat' dir='ltr'><strong>intelligas</strong></span> 
     </span>
    </p>
   </div>
   <div class='ocr_carea' id='block_1_6' title="bbox 355 2561 1373 2695">
    <p class='ocr_par' dir='ltr' id='par_1_6' title="bbox 355 2561 1373 2695">
     <span class='ocr_line' id='line_1_22' title="bbox 888 2561 1373 2627; baseline 0.008 -17"><span class='ocrx_word' id='word_1_177' title='bbox 888 2561 927 2612; x_wconf 94' lang='lat' dir='ltr'><strong>do</strong></span> <span class='ocrx_word' id='word_1_178' title='bbox 946 2563 1082 2627; x_wconf 85' lang='lat' dir='ltr'><strong>explere</strong></span> <span class='ocrx_word' id='word_1_179' title='bbox 1099 2570 1284 2615; x_wconf 87' lang='lat' dir='ltr'><strong>conantur.</strong></span> <span class='ocrx_word' id='word_1_180' title='bbox 1302 2563 1373 2626; x_wconf 82' lang='lat' dir='ltr'><strong>Quod</strong></span> 
     </span>
     <span class='ocr_line' id='line_1_23' title="bbox 355 2628 837 2695; baseline 0.002 -18"><span class='ocrx_word' id='word_1_181' title='bbox 355 2632 431 2679; x_wconf 87' lang='lat' dir='ltr'><strong>etiam</strong></span> <span class='ocrx_word' id='word_1_182' title='bbox 448 2631 554 2680; x_wconf 87' lang='lat' dir='ltr'><strong>Lachet.</strong></span> <span class='ocrx_word' id='word_1_183' title='bbox 571 2647 594 2695; x_wconf 91' lang='lat' dir='ltr'><strong>p.</strong></span> <span class='ocrx_word' id='word_1_184' title='bbox 615 2630 670 2681; x_wconf 82' lang='lat'>195.</span> <span class='ocrx_word' id='word_1_185' title='bbox 691 2633 730 2680; x_wconf 89' lang='lat' dir='ltr'><strong>D:</strong></span> <span class='ocrx_word' id='word_1_186' title='bbox 752 2628 789 2679; x_wconf 85' lang='grc' dir='ltr'><strong>ὅτι</strong></span> <span class='ocrx_word' id='word_1_187' title='bbox 806 2646 837 2695; x_wconf 79' lang='grc' dir='ltr'><em>γε</em></span> 
     </span>
    </p>
   </div>
   <div class='ocr_carea' id='block_1_7' title="bbox 889 2631 1376 2682">
    <p class='ocr_par' dir='ltr' id='par_1_7' title="bbox 889 2631 1376 2682">
     <span class='ocr_line' id='line_1_24' title="bbox 889 2631 1376 2682; baseline 0.01 -4"><span class='ocrx_word' id='word_1_188' title='bbox 889 2631 1006 2680; x_wconf 83' lang='lat' dir='ltr'><strong>Socrates</strong></span> <span class='ocrx_word' id='word_1_189' title='bbox 1034 2631 1133 2680; x_wconf 85' lang='lat' dir='ltr'><strong>urbane</strong></span> <span class='ocrx_word' id='word_1_190' title='bbox 1156 2632 1280 2682; x_wconf 83' lang='lat' dir='ltr'><strong>concedit</strong></span> <span class='ocrx_word' id='word_1_191' title='bbox 1309 2632 1376 2682; x_wconf 89' lang='lat' dir='ltr'><strong>ideo·</strong></span> 
     </span>
    </p>
   </div>
   <div class='ocr_carea' id='block_1_8' title="bbox 343 2693 837 4450">
    <p class='ocr_par' dir='ltr' id='par_1_8' title="bbox 343 2693 837 4450">
     <span class='ocr_line' id='line_1_25' title="bbox 357 2693 835 2760; baseline 0.002 -15"><span class='ocrx_word' id='word_1_192' title='bbox 357 2695 416 2749; x_wconf 75' lang='grc' dir='ltr'><strong>τούς</strong></span> <span class='ocrx_word' id='word_1_193' title='bbox 433 2695 535 2757; x_wconf 79' lang='grc' dir='ltr'><em>μάντειε</em></span> <span class='ocrx_word' id='word_1_194' title='bbox 559 2701 630 2747; x_wconf 87' lang='grc' dir='ltr'><em>καλεῖ</em></span> <span class='ocrx_word' id='word_1_195' title='bbox 651 2695 711 2749; x_wconf 78' lang='grc' dir='ltr'><em>τοδε</em></span> <span class='ocrx_word' id='word_1_196' title='bbox 729 2693 835 2760; x_wconf 86' lang='grc' dir='ltr'><em>ἀνδρεί-</em></span> 
     </span>
     <span class='ocr_line' id='line_1_26' title="bbox 357 2756 836 2829; baseline 0.004 -18"><span class='ocrx_word' id='word_1_197' title='bbox 357 2782 412 2816; x_wconf 80' lang='grc' dir='ltr'><strong>ους.</strong></span> <span class='ocrx_word' id='word_1_198' title='bbox 435 2765 542 2814; x_wconf 83' lang='lat' dir='ltr'><strong>Theaet.</strong></span> <span class='ocrx_word' id='word_1_199' title='bbox 560 2781 584 2828; x_wconf 88' lang='lat' dir='ltr'><strong>p.</strong></span> <span class='ocrx_word' id='word_1_200' title='bbox 604 2763 661 2815; x_wconf 80' lang='lat'>145.</span> <span class='ocrx_word' id='word_1_201' title='bbox 681 2768 717 2814; x_wconf 84' lang='lat' dir='ltr'><strong>D:</strong></span> <span class='ocrx_word' id='word_1_202' title='bbox 741 2756 783 2829; x_wconf 89' lang='grc' dir='ltr'><em>ἀρ’</em></span> <span class='ocrx_word' id='word_1_203' title='bbox 803 2760 836 2814; x_wconf 82' lang='grc' dir='ltr'><strong>ού</strong></span> 
     </span>
     <span class='ocr_line' id='line_1_27' title="bbox 357 2827 837 2895; baseline 0.002 -16"><span class='ocrx_word' id='word_1_204' title='bbox 357 2828 384 2879; x_wconf 87' lang='grc' dir='ltr'><strong>τὸ</strong></span> <span class='ocrx_word' id='word_1_205' title='bbox 402 2827 551 2890; x_wconf 84' lang='grc' dir='ltr'><em>μανθάνειν</em></span> <span class='ocrx_word' id='word_1_206' title='bbox 568 2830 622 2880; x_wconf 80' lang='grc' dir='ltr'><strong>ἐστὶ</strong></span> <span class='ocrx_word' id='word_1_207' title='bbox 643 2830 669 2880; x_wconf 81' lang='grc' dir='ltr'><em>νδ</em></span> <span class='ocrx_word' id='word_1_208' title='bbox 682 2830 837 2895; x_wconf 79' lang='grc' dir='ltr'><em>σοφώτερον</em></span> 
     </span>
     <span class='ocr_line' id='line_1_28' title="bbox 355 2899 837 2964; baseline 0.006 -18"><span class='ocrx_word' id='word_1_209' title='bbox 355 2899 512 2964; x_wconf 72' lang='grc' dir='ltr'><em>ρι’γνεοθαι;</em></span> <span class='ocrx_word' id='word_1_210' title='bbox 542 2914 606 2961; x_wconf 91' lang='lat' dir='ltr'><strong>quos</strong></span> <span class='ocrx_word' id='word_1_211' title='bbox 634 2901 705 2949; x_wconf 92' lang='lat' dir='ltr'><strong>locos</strong></span> <span class='ocrx_word' id='word_1_212' title='bbox 735 2916 837 2964; x_wconf 87' lang='lat' dir='ltr'><strong>compa-</strong></span> 
     </span>
     <span class='ocr_line' id='line_1_29' title="bbox 358 2965 836 3033; baseline 0.006 -19"><span class='ocrx_word' id='word_1_213' title='bbox 358 2968 424 3014; x_wconf 86' lang='lat' dir='ltr'><strong>ravit</strong></span> <span class='ocrx_word' id='word_1_214' title='bbox 445 2965 678 3033; x_wconf 74' lang='lat' dir='ltr'><strong>Heindorfius.</strong></span> <span class='ocrx_word' id='word_1_215' title='bbox 727 2968 755 3015; x_wconf 91' lang='lat' dir='ltr'><strong>ln</strong></span> <span class='ocrx_word' id='word_1_216' title='bbox 779 2984 836 3032; x_wconf 89' lang='lat' dir='ltr'><strong>pro·</strong></span> 
     </span>
     <span class='ocr_line' id='line_1_30' title="bbox 357 3033 836 3100; baseline 0.006 -19"><span class='ocrx_word' id='word_1_217' title='bbox 357 3034 434 3082; x_wconf 85' lang='lat' dir='ltr'><strong>xlmis</strong></span> <span class='ocrx_word' id='word_1_218' title='bbox 453 3034 501 3082; x_wconf 85' lang='lat' dir='ltr'><strong>viri</strong></span> <span class='ocrx_word' id='word_1_219' title='bbox 520 3033 587 3083; x_wconf 91' lang='lat' dir='ltr'><strong>docti</strong></span> <span class='ocrx_word' id='word_1_220' title='bbox 605 3050 758 3100; x_wconf 81' lang='lat' dir='ltr'><strong>magnopere</strong></span> <span class='ocrx_word' id='word_1_221' title='bbox 776 3036 836 3085; x_wconf 81' lang='lat' dir='ltr'><strong>hoe·</strong></span> 
     </span>
     <span class='ocr_line' id='line_1_31' title="bbox 357 3100 836 3166; baseline 0.002 -16"><span class='ocrx_word' id='word_1_222' title='bbox 357 3106 458 3163; x_wconf 85' lang='lat' dir='ltr'><strong>serunt,</strong></span> <span class='ocrx_word' id='word_1_223' title='bbox 489 3100 695 3166; x_wconf 87' lang='lat' dir='ltr'><strong>quandoquidem</strong></span> <span class='ocrx_word' id='word_1_224' title='bbox 725 3119 771 3166; x_wconf 89' lang='lat' dir='ltr'><strong>pro</strong></span> <span class='ocrx_word' id='word_1_225' title='bbox 797 3100 836 3153; x_wconf 85' lang='grc' dir='ltr'><strong>ὅτι</strong></span> 
     </span>
     <span class='ocr_line' id='line_1_32' title="bbox 357 3163 837 3235; baseline 0.006 -19"><span class='ocrx_word' id='word_1_226' title='bbox 357 3166 425 3217; x_wconf 81' lang='grc' dir='ltr'><em>οὕτω</em></span> <span class='ocrx_word' id='word_1_227' title='bbox 460 3163 526 3234; x_wconf 73' lang='grc' dir='ltr'><em>λέγω</em></span> <span class='ocrx_word' id='word_1_228' title='bbox 560 3171 640 3235; x_wconf 83' lang='lat' dir='ltr'><strong>vulgo</strong></span> <span class='ocrx_word' id='word_1_229' title='bbox 675 3171 837 3220; x_wconf 82' lang='lat' dir='ltr'><strong>scribebatur</strong></span> 
     </span>
     <span class='ocr_line' id='line_1_33' title="bbox 358 3232 836 3303; baseline 0.002 -19"><span class='ocrx_word' id='word_1_230' title='bbox 358 3232 445 3285; x_wconf 78' lang='lat' dir='ltr'><strong>duod</strong></span> <span class='ocrx_word' id='word_1_231' title='bbox 468 3243 540 3286; x_wconf 81' lang='grc' dir='ltr'><em>τοῦτο</em></span> <span class='ocrx_word' id='word_1_232' title='bbox 559 3235 634 3303; x_wconf 77' lang='grc' dir='ltr'><strong>λέγω.</strong></span> <span class='ocrx_word' id='word_1_233' title='bbox 677 3240 766 3303; x_wconf 84' lang='lat' dir='ltr'><strong>Itaque</strong></span> <span class='ocrx_word' id='word_1_234' title='bbox 790 3237 836 3287; x_wconf 83' lang='lat' dir='ltr'><strong>ulli</strong></span> 
     </span>
     <span class='ocr_line' id='line_1_34' title="bbox 357 3302 837 3370; baseline 0.006 -19"><span class='ocrx_word' id='word_1_235' title='bbox 357 3303 449 3353; x_wconf 85' lang='lat' dir='ltr'><strong>verba:</strong></span> <span class='ocrx_word' id='word_1_236' title='bbox 472 3303 533 3357; x_wconf 75' lang='lat' dir='ltr'><strong>llus</strong></span> <span class='ocrx_word' id='word_1_237' title='bbox 555 3302 605 3370; x_wconf 82' lang='grc' dir='ltr'><em>γὰρ</em></span> <span class='ocrx_word' id='word_1_238' title='bbox 631 3303 677 3365; x_wconf 88' lang='grc' dir='ltr'><em>ού,·</em></span> <span class='ocrx_word' id='word_1_239' title='bbox 703 3311 837 3355; x_wconf 84' lang='lat' dir='ltr'><strong>traxerunt</strong></span> 
     </span>
     <span class='ocr_line' id='line_1_35' title="bbox 357 3371 836 3432; baseline 0.004 -12"><span class='ocrx_word' id='word_1_240' title='bbox 357 3372 389 3420; x_wconf 86' lang='lat' dir='ltr'><strong>ad</strong></span> <span class='ocrx_word' id='word_1_241' title='bbox 412 3371 527 3422; x_wconf 84' lang='lat' dir='ltr'><strong>Calliclis</strong></span> <span class='ocrx_word' id='word_1_242' title='bbox 552 3375 708 3432; x_wconf 84' lang='lat' dir='ltr'><strong>orationem,</strong></span> <span class='ocrx_word' id='word_1_243' title='bbox 731 3374 836 3422; x_wconf 88' lang='lat' dir='ltr'><strong>nomine</strong></span> 
     </span>
     <span class='ocr_line' id='line_1_36' title="bbox 357 3436 837 3492; baseline 0.002 -5"><span class='ocrx_word' id='word_1_244' title='bbox 357 3439 470 3489; x_wconf 83' lang='lat' dir='ltr'><strong>Socratis</strong></span> <span class='ocrx_word' id='word_1_245' title='bbox 494 3447 554 3490; x_wconf 87' lang='lat' dir='ltr'><strong>ante</strong></span> <span class='ocrx_word' id='word_1_246' title='bbox 578 3437 668 3492; x_wconf 72' lang='grc' dir='ltr'><em>οὐδεὶς</em></span> <span class='ocrx_word' id='word_1_247' title='bbox 693 3439 758 3490; x_wconf 65' lang='grc' dir='ltr'><em>ὅστις</em></span> <span class='ocrx_word' id='word_1_248' title='bbox 789 3436 837 3488; x_wconf 85' lang='grc' dir='ltr'><strong>ούκ</strong></span> 
     </span>
     <span class='ocr_line' id='line_1_37' title="bbox 356 3507 835 3572; baseline 0 -16"><span class='ocrx_word' id='word_1_249' title='bbox 356 3525 377 3556; x_wconf 87' lang='grc' dir='ltr'><strong>κ.</strong></span> <span class='ocrx_word' id='word_1_250' title='bbox 403 3527 420 3556; x_wconf 84' lang='grc' dir='ltr'><strong>ν.</strong></span> <span class='ocrx_word' id='word_1_251' title='bbox 445 3510 464 3556; x_wconf 91' lang='grc' dir='ltr'><strong>λ.</strong></span> <span class='ocrx_word' id='word_1_252' title='bbox 488 3509 656 3572; x_wconf 87' lang='lat' dir='ltr'><strong>interposit0;</strong></span> <span class='ocrx_word' id='word_1_253' title='bbox 681 3507 728 3557; x_wconf 87' lang='lat' dir='ltr'><strong>alii</strong></span> <span class='ocrx_word' id='word_1_254' title='bbox 750 3512 835 3556; x_wconf 83' lang='lat' dir='ltr'><strong>autem</strong></span> 
     </span>
     <span class='ocr_line' id='line_1_38' title="bbox 355 3571 836 3639; baseline 0.002 -15"><span class='ocrx_word' id='word_1_255' title='bbox 355 3591 401 3639; x_wconf 92' lang='lat' dir='ltr'><strong>pro</strong></span> <span class='ocrx_word' id='word_1_256' title='bbox 427 3573 486 3626; x_wconf 77' lang='lat' dir='ltr'><strong>Huic</strong></span> <span class='ocrx_word' id='word_1_257' title='bbox 516 3574 565 3639; x_wconf 80' lang='grc' dir='ltr'><em>γὰρ</em></span> <span class='ocrx_word' id='word_1_258' title='bbox 596 3571 643 3632; x_wconf 69' lang='grc' dir='ltr'><strong>οὕς</strong></span> <span class='ocrx_word' id='word_1_259' title='bbox 670 3574 836 3625; x_wconf 85' lang='lat' dir='ltr'><strong>scribendum</strong></span> 
     </span>
     <span class='ocr_line' id='line_1_39' title="bbox 355 3640 836 3707; baseline 0.004 -17"><span class='ocrx_word' id='word_1_260' title='bbox 355 3648 478 3707; x_wconf 85' lang='lat' dir='ltr'><strong>putarunt</strong></span> <span class='ocrx_word' id='word_1_261' title='bbox 498 3642 558 3693; x_wconf 77' lang='lat' dir='ltr'><strong>[lois</strong></span> <span class='ocrx_word' id='word_1_262' title='bbox 575 3640 640 3707; x_wconf 61' lang='grc' dir='ltr'><em>γάρ·</em></span> <span class='ocrx_word' id='word_1_263' title='bbox 658 3643 727 3707; x_wconf 90' lang='lat' dir='ltr'><strong>quod</strong></span> <span class='ocrx_word' id='word_1_264' title='bbox 745 3645 782 3692; x_wconf 85' lang='lat' dir='ltr'><strong>ite</strong></span> <span class='ocrx_word' id='word_1_265' title='bbox 799 3644 836 3692; x_wconf 83' lang='lat' dir='ltr'><strong>la·</strong></span> 
     </span>
     <span class='ocr_line' id='line_1_40' title="bbox 356 3708 836 3761; baseline 0.006 -3"><span class='ocrx_word' id='word_1_266' title='bbox 356 3717 425 3759; x_wconf 91' lang='lat' dir='ltr'><strong>ctum</strong></span> <span class='ocrx_word' id='word_1_267' title='bbox 455 3708 487 3760; x_wconf 91' lang='lat' dir='ltr'><strong>ab</strong></span> <span class='ocrx_word' id='word_1_268' title='bbox 517 3710 656 3759; x_wconf 84' lang='lat' dir='ltr'><strong>Routhio</strong></span> <span class='ocrx_word' id='word_1_269' title='bbox 687 3717 712 3760; x_wconf 88' lang='lat' dir='ltr'><strong>et</strong></span> <span class='ocrx_word' id='word_1_270' title='bbox 740 3712 836 3761; x_wconf 81' lang='lat' dir='ltr'><strong>Astio</strong></span> 
     </span>
     <span class='ocr_line' id='line_1_41' title="bbox 356 3777 837 3844; baseline 0.004 -17"><span class='ocrx_word' id='word_1_271' title='bbox 356 3784 403 3828; x_wconf 88' lang='lat' dir='ltr'><strong>est.</strong></span> <span class='ocrx_word' id='word_1_272' title='bbox 446 3777 497 3827; x_wconf 85' lang='lat' dir='ltr'><strong>Sed</strong></span> <span class='ocrx_word' id='word_1_273' title='bbox 519 3779 607 3827; x_wconf 83' lang='lat' dir='ltr'><strong>omnio</strong></span> <span class='ocrx_word' id='word_1_274' title='bbox 630 3781 725 3842; x_wconf 86' lang='lat' dir='ltr'><strong>optime</strong></span> <span class='ocrx_word' id='word_1_275' title='bbox 747 3795 837 3844; x_wconf 90' lang='lat' dir='ltr'><strong>proco·</strong></span> 
     </span>
     <span class='ocr_line' id='line_1_42' title="bbox 356 3846 836 3909; baseline 0.004 -16"><span class='ocrx_word' id='word_1_276' title='bbox 356 3846 433 3905; x_wconf 89' lang='lat' dir='ltr'><strong>dunt,</strong></span> <span class='ocrx_word' id='word_1_277' title='bbox 468 3846 512 3893; x_wconf 90' lang='lat' dir='ltr'><strong>ubi</strong></span> <span class='ocrx_word' id='word_1_278' title='bbox 546 3862 579 3894; x_wconf 84' lang='lat' dir='ltr'><strong>ex</strong></span> <span class='ocrx_word' id='word_1_279' title='bbox 613 3847 716 3909; x_wconf 86' lang='lat' dir='ltr'><strong>optimis</strong></span> <span class='ocrx_word' id='word_1_280' title='bbox 752 3846 836 3904; x_wconf 91' lang='lat' dir='ltr'><strong>libris,</strong></span> 
     </span>
     <span class='ocr_line' id='line_1_43' title="bbox 357 3911 836 3978; baseline 0 -16"><span class='ocrx_word' id='word_1_281' title='bbox 357 3913 497 3963; x_wconf 84' lang='lat' dir='ltr'><strong>Clarkiano</strong></span> <span class='ocrx_word' id='word_1_282' title='bbox 519 3919 545 3962; x_wconf 88' lang='lat' dir='ltr'><strong>et</strong></span> <span class='ocrx_word' id='word_1_283' title='bbox 567 3913 712 3978; x_wconf 72' lang='lat' dir='ltr'><strong>Vaticano,</strong></span> <span class='ocrx_word' id='word_1_284' title='bbox 733 3929 778 3977; x_wconf 90' lang='lat' dir='ltr'><strong>pro</strong></span> <span class='ocrx_word' id='word_1_285' title='bbox 803 3911 836 3962; x_wconf 90' lang='grc' dir='ltr'><strong>ού</strong></span> 
     </span>
     <span class='ocr_line' id='line_1_44' title="bbox 343 3978 837 4031; baseline 0.004 -3"><span class='ocrx_word' id='word_1_286' title='bbox 343 3985 432 4029; x_wconf 74' lang='grc' dir='ltr'><em>’τοῦτο</em></span> <span class='ocrx_word' id='word_1_287' title='bbox 457 3980 644 4030; x_wconf 76' lang='lat' dir='ltr'><strong>restituerImus</strong></span> <span class='ocrx_word' id='word_1_288' title='bbox 673 3978 749 4030; x_wconf 85' lang='grc' dir='ltr'><em>ούιοι.</em></span> <span class='ocrx_word' id='word_1_289' title='bbox 796 3981 837 4031; x_wconf 88' lang='lat' dir='ltr'><strong>Ita</strong></span> 
     </span>
     <span class='ocr_line' id='line_1_45' title="bbox 357 4048 834 4114; baseline 0 -18"><span class='ocrx_word' id='word_1_290' title='bbox 357 4048 425 4096; x_wconf 90' lang='lat' dir='ltr'><strong>enim</strong></span> <span class='ocrx_word' id='word_1_291' title='bbox 437 4050 564 4097; x_wconf 84' lang='lat' dir='ltr'><strong>sententie</strong></span> <span class='ocrx_word' id='word_1_292' title='bbox 576 4049 628 4098; x_wconf 91' lang='lat' dir='ltr'><strong>loci</strong></span> <span class='ocrx_word' id='word_1_293' title='bbox 640 4049 747 4114; x_wconf 83' lang='lat' dir='ltr'><strong>emergit</strong></span> <span class='ocrx_word' id='word_1_294' title='bbox 758 4049 834 4098; x_wconf 84' lang='lat' dir='ltr'><strong>haec:</strong></span> 
     </span>
     <span class='ocr_line' id='line_1_46' title="bbox 358 4115 833 4176; baseline 0 -11"><span class='ocrx_word' id='word_1_295' title='bbox 358 4115 457 4165; x_wconf 79' lang='lat' dir='ltr'>CALL.</span> <span class='ocrx_word' id='word_1_296' title='bbox 482 4116 601 4164; x_wconf 83' lang='lat' dir='ltr'><strong>Suavis</strong></span> <span class='ocrx_word' id='word_1_297' title='bbox 625 4132 672 4176; x_wconf 87' lang='lat' dir='ltr'><strong>es,</strong></span> <span class='ocrx_word' id='word_1_298' title='bbox 701 4134 715 4166; x_wconf 92' lang='lat'>0</span> <span class='ocrx_word' id='word_1_299' title='bbox 740 4117 833 4165; x_wconf 90' lang='lat' dir='ltr'><strong>bone!</strong></span> 
     </span>
     <span class='ocr_line' id='line_1_47' title="bbox 359 4183 835 4246; baseline 0.004 -16"><span class='ocrx_word' id='word_1_300' title='bbox 359 4187 580 4246; x_wconf 88' lang='lat' dir='ltr'><strong>temperantes</strong></span> <span class='ocrx_word' id='word_1_301' title='bbox 619 4183 706 4234; x_wconf 91' lang='lat' dir='ltr'><strong>dicis</strong></span> <span class='ocrx_word' id='word_1_302' title='bbox 742 4184 835 4233; x_wconf 89' lang='lat' dir='ltr'><strong>stoli·</strong></span> 
     </span>
     <span class='ocr_line' id='line_1_48' title="bbox 360 4249 835 4312; baseline 0.004 -14"><span class='ocrx_word' id='word_1_303' title='bbox 360 4249 418 4298; x_wconf 89' lang='lat' dir='ltr'><strong>dos</strong></span> <span class='ocrx_word' id='word_1_304' title='bbox 458 4251 542 4299; x_wconf 89' lang='lat' dir='ltr'><strong>illos</strong></span> <span class='ocrx_word' id='word_1_305' title='bbox 587 4252 835 4312; x_wconf 89' lang='lat' dir='ltr'><strong>homunciones,</strong></span> 
     </span>
     <span class='ocr_line' id='line_1_49' title="bbox 360 4317 835 4382; baseline 0.011 -19"><span class='ocrx_word' id='word_1_306' title='bbox 360 4317 416 4379; x_wconf 91' lang='lat' dir='ltr'><strong>qui</strong></span> <span class='ocrx_word' id='word_1_307' title='bbox 434 4319 636 4382; x_wconf 87' lang='lat' dir='ltr'><strong>cupiditates</strong></span> <span class='ocrx_word' id='word_1_308' title='bbox 654 4336 730 4370; x_wconf 87' lang='lat' dir='ltr'><strong>suas</strong></span> <span class='ocrx_word' id='word_1_309' title='bbox 750 4336 835 4370; x_wconf 86' lang='lat' dir='ltr'><strong>coer·</strong></span> 
     </span>
     <span class='ocr_line' id='line_1_50' title="bbox 360 4388 834 4450; baseline 0.004 -17"><span class='ocrx_word' id='word_1_310' title='bbox 360 4391 435 4433; x_wconf 86' lang='lat' dir='ltr'><strong>cent</strong></span> <span class='ocrx_word' id='word_1_311' title='bbox 464 4401 565 4450; x_wconf 87' lang='lat' dir='ltr'><strong>neque</strong></span> <span class='ocrx_word' id='word_1_312' title='bbox 594 4403 648 4436; x_wconf 84' lang='lat' dir='ltr'><strong>cas</strong></span> <span class='ocrx_word' id='word_1_313' title='bbox 675 4388 747 4437; x_wconf 89' lang='lat' dir='ltr'><strong>ullo</strong></span> <span class='ocrx_word' id='word_1_314' title='bbox 778 4404 834 4435; x_wconf 91' lang='lat' dir='ltr'><strong>mo-</strong></span> 
     </span>
    </p>
   </div>
   <div class='ocr_carea' id='block_1_9' title="bbox 887 2698 1427 4456">
    <p class='ocr_par' dir='ltr' id='par_1_9' title="bbox 887 2698 1405 4100">
     <span class='ocr_line' id='line_1_51' title="bbox 888 2698 1405 2762; baseline 0.006 -16"><span class='ocrx_word' id='word_1_315' title='bbox 888 2713 938 2760; x_wconf 85' lang='lat' dir='ltr'><strong>quc</strong></span> <span class='ocrx_word' id='word_1_316' title='bbox 956 2698 1095 2762; x_wconf 80' lang='lat' dir='ltr'><strong>respondet</strong></span> <span class='ocrx_word' id='word_1_317' title='bbox 1111 2701 1163 2748; x_wconf 84' lang='lat' dir='ltr'><strong>sio:</strong></span> <span class='ocrx_word' id='word_1_318' title='bbox 1183 2700 1313 2761; x_wconf 85' lang='lat' dir='ltr'><strong>Quidni</strong></span> <span class='ocrx_word' id='word_1_319' title='bbox 1329 2716 1375 2749; x_wconf 86' lang='lat' dir='ltr'><strong>ve·</strong></span> <span class='ocrx_word' id='word_1_320' title='bbox 1402 2751 1405 2757; x_wconf 76' lang='grc'><em>,</em></span> 
     </span>
     <span class='ocr_line' id='line_1_52' title="bbox 888 2764 1375 2829; baseline 0.004 -16"><span class='ocrx_word' id='word_1_321' title='bbox 888 2767 941 2814; x_wconf 83' lang='lat' dir='ltr'><strong>ro?</strong></span> <span class='ocrx_word' id='word_1_322' title='bbox 964 2764 1114 2829; x_wconf 88' lang='lat' dir='ltr'><strong>quilibet</strong></span> <span class='ocrx_word' id='word_1_323' title='bbox 1136 2767 1224 2816; x_wconf 88' lang='lat' dir='ltr'><strong>enim</strong></span> <span class='ocrx_word' id='word_1_324' title='bbox 1250 2768 1375 2818; x_wconf 84' lang='lat' dir='ltr'><strong>intelli·</strong></span> 
     </span>
     <span class='ocr_line' id='line_1_53' title="bbox 887 2836 1372 2897; baseline 0.01 -17"><span class='ocrx_word' id='word_1_325' title='bbox 887 2837 944 2897; x_wconf 86' lang='lat' dir='ltr'><strong>gat</strong></span> <span class='ocrx_word' id='word_1_326' title='bbox 972 2836 1025 2882; x_wconf 89' lang='lat' dir='ltr'><strong>ita</strong></span> <span class='ocrx_word' id='word_1_327' title='bbox 1052 2849 1098 2882; x_wconf 90' lang='lat' dir='ltr'><strong>me</strong></span> <span class='ocrx_word' id='word_1_328' title='bbox 1133 2836 1272 2885; x_wconf 90' lang='lat' dir='ltr'><strong>sentire.</strong></span> <span class='ocrx_word' id='word_1_329' title='bbox 1327 2837 1372 2884; x_wconf 87' lang='lat' dir='ltr'><strong>His</strong></span> 
     </span>
     <span class='ocr_line' id='line_1_54' title="bbox 889 2899 1373 2953; baseline 0.006 -5"><span class='ocrx_word' id='word_1_330' title='bbox 889 2915 949 2948; x_wconf 91' lang='lat' dir='ltr'><strong>vero</strong></span> <span class='ocrx_word' id='word_1_331' title='bbox 981 2899 1078 2950; x_wconf 88' lang='lat' dir='ltr'><strong>auditis</strong></span> <span class='ocrx_word' id='word_1_332' title='bbox 1102 2900 1226 2951; x_wconf 81' lang='lat' dir='ltr'><strong>Callicles</strong></span> <span class='ocrx_word' id='word_1_333' title='bbox 1257 2902 1373 2953; x_wconf 77' lang='lat' dir='ltr'><strong>acerbius</strong></span> 
     </span>
     <span class='ocr_line' id='line_1_55' title="bbox 888 2968 1372 3036; baseline 0.006 -20"><span class='ocrx_word' id='word_1_334' title='bbox 888 2969 965 3017; x_wconf 86' lang='lat' dir='ltr'><strong>etiam</strong></span> <span class='ocrx_word' id='word_1_335' title='bbox 989 2969 1094 3032; x_wconf 86' lang='lat' dir='ltr'><strong>regerit:</strong></span> <span class='ocrx_word' id='word_1_336' title='bbox 1125 2968 1210 3019; x_wconf 86' lang='lat' dir='ltr'><strong>Saue</strong></span> <span class='ocrx_word' id='word_1_337' title='bbox 1243 2971 1372 3036; x_wconf 84' lang='lat' dir='ltr'><strong>quidem</strong></span> 
     </span>
     <span class='ocr_line' id='line_1_56' title="bbox 888 3035 1374 3100; baseline 0.006 -17"><span class='ocrx_word' id='word_1_338' title='bbox 888 3035 934 3084; x_wconf 87' lang='lat' dir='ltr'><strong>ita</strong></span> <span class='ocrx_word' id='word_1_339' title='bbox 963 3036 1088 3096; x_wconf 88' lang='lat' dir='ltr'><strong>sentis,</strong></span> <span class='ocrx_word' id='word_1_340' title='bbox 1116 3035 1167 3086; x_wconf 89' lang='lat' dir='ltr'><strong>hoc</strong></span> <span class='ocrx_word' id='word_1_341' title='bbox 1199 3042 1253 3100; x_wconf 88' lang='lat' dir='ltr'><strong>est,</strong></span> <span class='ocrx_word' id='word_1_342' title='bbox 1285 3038 1374 3088; x_wconf 86' lang='lat' dir='ltr'><strong>stoli·</strong></span> 
     </span>
     <span class='ocr_line' id='line_1_57' title="bbox 888 3102 1374 3169; baseline 0.008 -19"><span class='ocrx_word' id='word_1_343' title='bbox 888 3102 945 3151; x_wconf 92' lang='lat' dir='ltr'><strong>dos</strong></span> <span class='ocrx_word' id='word_1_344' title='bbox 968 3103 1048 3152; x_wconf 86' lang='lat' dir='ltr'><strong>illos</strong></span> <span class='ocrx_word' id='word_1_345' title='bbox 1077 3108 1309 3169; x_wconf 85' lang='lat' dir='ltr'><strong>temperantes</strong></span> <span class='ocrx_word' id='word_1_346' title='bbox 1334 3106 1374 3154; x_wconf 90' lang='lat' dir='ltr'><strong>di·</strong></span> 
     </span>
     <span class='ocr_line' id='line_1_58' title="bbox 888 3171 1373 3230; baseline 0.006 -10"><span class='ocrx_word' id='word_1_347' title='bbox 888 3171 952 3230; x_wconf 82' lang='lat' dir='ltr'><strong>cis3</strong></span> <span class='ocrx_word' id='word_1_348' title='bbox 971 3175 1051 3219; x_wconf 85' lang='lat' dir='ltr'><strong>sunt</strong></span> <span class='ocrx_word' id='word_1_349' title='bbox 1067 3171 1154 3220; x_wconf 89' lang='lat' dir='ltr'><strong>enim</strong></span> <span class='ocrx_word' id='word_1_350' title='bbox 1176 3172 1239 3223; x_wconf 92' lang='lat' dir='ltr'><strong>illi</strong></span> <span class='ocrx_word' id='word_1_351' title='bbox 1258 3189 1373 3223; x_wconf 86' lang='lat' dir='ltr'><strong>revera</strong></span> 
     </span>
     <span class='ocr_line' id='line_1_59' title="bbox 888 3237 1374 3304; baseline 0.008 -17"><span class='ocrx_word' id='word_1_352' title='bbox 888 3237 1022 3298; x_wconf 83' lang='lat' dir='ltr'><strong>stolidi,</strong></span> <span class='ocrx_word' id='word_1_353' title='bbox 1040 3239 1313 3304; x_wconf 87' lang='lat' dir='ltr'><strong>quandoquidem</strong></span> <span class='ocrx_word' id='word_1_354' title='bbox 1328 3258 1374 3291; x_wconf 83' lang='lat' dir='ltr'><strong>us·</strong></span> 
     </span>
     <span class='ocr_line' id='line_1_60' title="bbox 888 3309 1373 3369; baseline 0.01 -15"><span class='ocrx_word' id='word_1_355' title='bbox 888 3322 936 3355; x_wconf 89' lang='lat' dir='ltr'><strong>mo</strong></span> <span class='ocrx_word' id='word_1_356' title='bbox 979 3311 1092 3369; x_wconf 87' lang='lat' dir='ltr'><strong>potest</strong></span> <span class='ocrx_word' id='word_1_357' title='bbox 1131 3322 1205 3357; x_wconf 86' lang='lat' dir='ltr'><strong>esse</strong></span> <span class='ocrx_word' id='word_1_358' title='bbox 1248 3309 1373 3369; x_wconf 82' lang='lat' dir='ltr'><strong>beatus,</strong></span> 
     </span>
     <span class='ocr_line' id='line_1_61' title="bbox 888 3373 1373 3442; baseline 0.01 -20"><span class='ocrx_word' id='word_1_359' title='bbox 888 3373 946 3436; x_wconf 90' lang='lat' dir='ltr'><strong>qui</strong></span> <span class='ocrx_word' id='word_1_360' title='bbox 963 3373 1044 3423; x_wconf 89' lang='lat' dir='ltr'><strong>aliis</strong></span> <span class='ocrx_word' id='word_1_361' title='bbox 1062 3375 1314 3442; x_wconf 83' lang='lat' dir='ltr'><strong>serviatnequc</strong></span> <span class='ocrx_word' id='word_1_362' title='bbox 1329 3393 1373 3426; x_wconf 87' lang='lat' dir='ltr'><strong>cu·</strong></span> 
     </span>
     <span class='ocr_line' id='line_1_62' title="bbox 888 3440 1372 3510; baseline 0.01 -23"><span class='ocrx_word' id='word_1_363' title='bbox 888 3440 1372 3510; x_wconf 86' lang='lat' dir='ltr'><strong>piditatibuseuisindulgcat.</strong></span> 
     </span>
     <span class='ocr_line' id='line_1_63' title="bbox 888 3508 1370 3573; baseline 0.006 -17"><span class='ocrx_word' id='word_1_364' title='bbox 888 3508 939 3557; x_wconf 92' lang='lat' dir='ltr'><strong>Hic</strong></span> <span class='ocrx_word' id='word_1_365' title='bbox 955 3509 1035 3573; x_wconf 87' lang='lat' dir='ltr'><strong>igitur</strong></span> <span class='ocrx_word' id='word_1_366' title='bbox 1052 3509 1130 3558; x_wconf 89' lang='lat' dir='ltr'><strong>totius</strong></span> <span class='ocrx_word' id='word_1_367' title='bbox 1141 3510 1195 3560; x_wconf 90' lang='lat' dir='ltr'><strong>loci</strong></span> <span class='ocrx_word' id='word_1_368' title='bbox 1206 3527 1300 3562; x_wconf 88' lang='lat' dir='ltr'><strong>sensus</strong></span> <span class='ocrx_word' id='word_1_369' title='bbox 1318 3519 1370 3562; x_wconf 87' lang='lat' dir='ltr'><strong>est:</strong></span> 
     </span>
     <span class='ocr_line' id='line_1_64' title="bbox 888 3577 1369 3645; baseline 0.01 -21"><span class='ocrx_word' id='word_1_370' title='bbox 888 3591 965 3639; x_wconf 87' lang='lat' dir='ltr'><strong>quem</strong></span> <span class='ocrx_word' id='word_1_371' title='bbox 983 3577 1045 3641; x_wconf 87' lang='lat' dir='ltr'><strong>quia</strong></span> <span class='ocrx_word' id='word_1_372' title='bbox 1067 3577 1148 3626; x_wconf 86' lang='lat' dir='ltr'><strong>critici</strong></span> <span class='ocrx_word' id='word_1_373' title='bbox 1172 3595 1226 3628; x_wconf 92' lang='lat' dir='ltr'><strong>non</strong></span> <span class='ocrx_word' id='word_1_374' title='bbox 1252 3595 1369 3645; x_wconf 83' lang='lat' dir='ltr'><strong>percepe-</strong></span> 
     </span>
     <span class='ocr_line' id='line_1_65' title="bbox 888 3648 1369 3712; baseline 0.012 -21"><span class='ocrx_word' id='word_1_375' title='bbox 888 3650 961 3703; x_wconf 86' lang='lat' dir='ltr'><strong>runt,</strong></span> <span class='ocrx_word' id='word_1_376' title='bbox 996 3659 1063 3708; x_wconf 80' lang='lat' dir='ltr'><strong>quae</strong></span> <span class='ocrx_word' id='word_1_377' title='bbox 1091 3651 1179 3694; x_wconf 87' lang='lat' dir='ltr'><strong>essent</strong></span> <span class='ocrx_word' id='word_1_378' title='bbox 1206 3648 1369 3712; x_wconf 84' lang='lat' dir='ltr'><strong>integerrima</strong></span> 
     </span>
     <span class='ocr_line' id='line_1_66' title="bbox 888 3711 1368 3776; baseline 0.015 -18"><span class='ocrx_word' id='word_1_379' title='bbox 888 3713 980 3761; x_wconf 87' lang='lat' dir='ltr'><strong>misere</strong></span> <span class='ocrx_word' id='word_1_380' title='bbox 1015 3711 1196 3776; x_wconf 83' lang='lat' dir='ltr'><strong>depravarunt.</strong></span> <span class='ocrx_word' id='word_1_381' title='bbox 1251 3715 1368 3765; x_wconf 86' lang='lat' dir='ltr'><strong>Ceterum</strong></span> 
     </span>
     <span class='ocr_line' id='line_1_67' title="bbox 888 3779 1370 3848; baseline 0.012 -21"><span class='ocrx_word' id='word_1_382' title='bbox 888 3779 1041 3828; x_wconf 89' lang='lat' dir='ltr'><strong>sententiam</strong></span> <span class='ocrx_word' id='word_1_383' title='bbox 1076 3779 1140 3839; x_wconf 89' lang='lat' dir='ltr'><strong>loci,</strong></span> <span class='ocrx_word' id='word_1_384' title='bbox 1177 3797 1231 3830; x_wconf 93' lang='lat' dir='ltr'><strong>non</strong></span> <span class='ocrx_word' id='word_1_385' title='bbox 1268 3783 1370 3848; x_wconf 81' lang='lat' dir='ltr'><strong>singula</strong></span> 
     </span>
     <span class='ocr_line' id='line_1_68' title="bbox 887 3846 1370 3913; baseline 0.014 -19"><span class='ocrx_word' id='word_1_386' title='bbox 887 3846 976 3909; x_wconf 83' lang='lat' dir='ltr'><strong>verba,</strong></span> <span class='ocrx_word' id='word_1_387' title='bbox 993 3848 1181 3911; x_wconf 86' lang='lat' dir='ltr'><strong>expressimus,</strong></span> <span class='ocrx_word' id='word_1_388' title='bbox 1199 3849 1270 3913; x_wconf 90' lang='lat' dir='ltr'><strong>quod</strong></span> <span class='ocrx_word' id='word_1_389' title='bbox 1288 3868 1370 3901; x_wconf 87' lang='lat' dir='ltr'><strong>monc-</strong></span> 
     </span>
     <span class='ocr_line' id='line_1_69' title="bbox 888 3913 1370 3982; baseline 0.01 -20"><span class='ocrx_word' id='word_1_390' title='bbox 888 3930 944 3962; x_wconf 85' lang='lat' dir='ltr'><strong>mus</strong></span> <span class='ocrx_word' id='word_1_391' title='bbox 978 3913 1051 3976; x_wconf 88' lang='lat' dir='ltr'><strong>ideo,</strong></span> <span class='ocrx_word' id='word_1_392' title='bbox 1090 3916 1153 3978; x_wconf 88' lang='lat' dir='ltr'><strong>quia</strong></span> <span class='ocrx_word' id='word_1_393' title='bbox 1186 3916 1294 3968; x_wconf 84' lang='lat' dir='ltr'><strong>fuerunt</strong></span> <span class='ocrx_word' id='word_1_394' title='bbox 1328 3920 1370 3982; x_wconf 90' lang='lat' dir='ltr'><strong>qui</strong></span> 
     </span>
     <span class='ocr_line' id='line_1_70' title="bbox 887 3982 1370 4052; baseline 0.012 -22"><span class='ocrx_word' id='word_1_395' title='bbox 887 3997 935 4030; x_wconf 88' lang='lat' dir='ltr'><strong>suo</strong></span> <span class='ocrx_word' id='word_1_396' title='bbox 952 3982 1001 4045; x_wconf 90' lang='lat' dir='ltr'><strong>ipsi</strong></span> <span class='ocrx_word' id='word_1_397' title='bbox 1019 3988 1152 4046; x_wconf 86' lang='lat' dir='ltr'><strong>parcentes</strong></span> <span class='ocrx_word' id='word_1_398' title='bbox 1166 3984 1219 4034; x_wconf 89' lang='lat' dir='ltr'><strong>otio</strong></span> <span class='ocrx_word' id='word_1_399' title='bbox 1239 3985 1304 4036; x_wconf 88' lang='lat' dir='ltr'><strong>talia</strong></span> <span class='ocrx_word' id='word_1_400' title='bbox 1315 4003 1370 4052; x_wconf 88' lang='lat' dir='ltr'><strong>pro·</strong></span> 
     </span>
     <span class='ocr_line' id='line_1_71' title="bbox 887 4049 1208 4100; baseline 0.006 -2"><span class='ocrx_word' id='word_1_401' title='bbox 887 4055 962 4098; x_wconf 88' lang='lat' dir='ltr'><strong>tenus</strong></span> <span class='ocrx_word' id='word_1_402' title='bbox 980 4049 1208 4100; x_wconf 85' lang='lat' dir='ltr'><strong>calumniarentur.</strong></span> 
     </span>
    </p>

    <p class='ocr_par' dir='ltr' id='par_1_10' title="bbox 887 4113 1427 4456">
     <span class='ocr_line' id='line_1_72' title="bbox 920 4113 1427 4181; baseline 0.018 -16"><span class='ocrx_word' id='word_1_403' title='bbox 920 4117 948 4165; x_wconf 94' lang='lat' dir='ltr'><strong>P.</strong></span> <span class='ocrx_word' id='word_1_404' title='bbox 971 4114 1028 4166; x_wconf 79' lang='grc'><strong>492.</strong></span> <span class='ocrx_word' id='word_1_405' title='bbox 1077 4113 1158 4181; x_wconf 83' lang='grc' dir='ltr'><em>ὅπερ</em></span> <span class='ocrx_word' id='word_1_406' title='bbox 1183 4117 1220 4167; x_wconf 74' lang='grc' dir='ltr'><em>ἐν</em></span> <span class='ocrx_word' id='word_1_407' title='bbox 1244 4127 1313 4172; x_wconf 69' lang='grc' dir='ltr'><em>τοῖς</em></span> <span class='ocrx_word' id='word_1_408' title='bbox 1337 4149 1368 4158; x_wconf 94' lang='grc'>-</span> <span class='ocrx_word' id='word_1_409' title='bbox 1423 4124 1427 4141; x_wconf 86' lang='grc'><strong>“</strong></span> 
     </span>
     <span class='ocr_line' id='line_1_73' title="bbox 888 4183 1366 4249; baseline 0.01 -18"><span class='ocrx_word' id='word_1_410' title='bbox 888 4183 1016 4249; x_wconf 78' lang='grc' dir='ltr'><em>ἔλεγον]</em></span> <span class='ocrx_word' id='word_1_411' title='bbox 1050 4185 1125 4235; x_wconf 75' lang='lat' dir='ltr'><strong>(loni.</strong></span> <span class='ocrx_word' id='word_1_412' title='bbox 1153 4201 1178 4249; x_wconf 88' lang='lat' dir='ltr'><strong>p.</strong></span> <span class='ocrx_word' id='word_1_413' title='bbox 1202 4185 1262 4238; x_wconf 84' lang='grc'><strong>483.</strong></span> <span class='ocrx_word' id='word_1_414' title='bbox 1286 4191 1315 4238; x_wconf 86' lang='lat' dir='ltr'><strong>B.</strong></span> <span class='ocrx_word' id='word_1_415' title='bbox 1339 4189 1366 4238; x_wconf 89' lang='lat' dir='ltr'><strong>C.</strong></span> 
     </span>
     <span class='ocr_line' id='line_1_74' title="bbox 887 4252 1366 4316; baseline 0.013 -16"><span class='ocrx_word' id='word_1_416' title='bbox 887 4252 991 4300; x_wconf 84' lang='lat' dir='ltr'><strong>Referas</strong></span> <span class='ocrx_word' id='word_1_417' title='bbox 1021 4252 1100 4316; x_wconf 87' lang='lat' dir='ltr'><strong>igitur</strong></span> <span class='ocrx_word' id='word_1_418' title='bbox 1130 4252 1196 4302; x_wconf 85' lang='lat' dir='ltr'><strong>haec</strong></span> <span class='ocrx_word' id='word_1_419' title='bbox 1229 4256 1263 4304; x_wconf 87' lang='lat' dir='ltr'><strong>ad</strong></span> <span class='ocrx_word' id='word_1_420' title='bbox 1290 4257 1366 4306; x_wconf 85' lang='lat' dir='ltr'><strong>verba</strong></span> 
     </span>
     <span class='ocr_line' id='line_1_75' title="bbox 887 4317 1364 4388; baseline 0.013 -21"><span class='ocrx_word' id='word_1_421' title='bbox 887 4321 1016 4382; x_wconf 88' lang='lat' dir='ltr'><strong>proxima:</strong></span> <span class='ocrx_word' id='word_1_422' title='bbox 1042 4317 1214 4380; x_wconf 79' lang='grc' dir='ltr'><em>δουλούμενοι</em></span> <span class='ocrx_word' id='word_1_423' title='bbox 1232 4322 1292 4375; x_wconf 76' lang='grc' dir='ltr'><em>τοὺς</em></span> <span class='ocrx_word' id='word_1_424' title='bbox 1310 4325 1364 4388; x_wconf 75' lang='grc' dir='ltr'><em>βελ-</em></span> 
     </span>
     <span class='ocr_line' id='line_1_76' title="bbox 888 4389 1364 4456; baseline 0.015 -22"><span class='ocrx_word' id='word_1_425' title='bbox 888 4389 957 4437; x_wconf 74' lang='grc' dir='ltr'><em>τίους</em></span> <span class='ocrx_word' id='word_1_426' title='bbox 986 4404 1007 4435; x_wconf 91' lang='grc' dir='ltr'><strong>κ.</strong></span> <span class='ocrx_word' id='word_1_427' title='bbox 1038 4405 1056 4435; x_wconf 89' lang='grc' dir='ltr'><strong>τ.</strong></span> <span class='ocrx_word' id='word_1_428' title='bbox 1083 4390 1102 4436; x_wconf 92' lang='grc' dir='ltr'><strong>λ.</strong></span> <span class='ocrx_word' id='word_1_429' title='bbox 1156 4389 1231 4450; x_wconf 85' lang='lat' dir='ltr'><strong>Quae</strong></span> <span class='ocrx_word' id='word_1_430' title='bbox 1265 4392 1364 4456; x_wconf 88' lang='lat' dir='ltr'><strong>quidem</strong></span> 
     </span>
    </p>
   </div>
   <div class='ocr_carea' id='block_1_10' title="bbox 0 0 1629 5259">
    <p class='ocr_par' dir='ltr' id='par_1_11' title="bbox 0 0 1629 5259">
     <span class='ocr_line' id='line_1_77' title="bbox 0 0 1629 5259; baseline 0 0"><span class='ocrx_word' id='word_1_431' title='bbox 0 0 1629 5259; x_wconf 95' lang='lat' dir='ltr'><strong> </strong></span> 
     </span>
    </p>
   </div>
  </div>
 </body>
</html>
