3242 5259
382 617 388 634 Ι
403 570 462 624 338
808 566 1005 627 PLATON'IS

350 731 379 796 B
402 729 471 811 ήκω
486 727 519 792 δὲ
532 726 628 792 ταυτὶ
639 732 685 816 τῷ
701 726 737 792 ἐν
752 730 887 813 τιμωρίᾳ
907 733 976 793 όντι
996 729 1051 794 ἀπ’
1073 733 1175 793 ἄλλου
1195 729 1307 812 ὀρθῶς
1324 756 1413 814 τιμω-

402 824 593 912 ρουμένωῆ
622 828 760 908 βελτίονι
786 829 957 910 γίγνεσθαι
983 829 1037 892 καὶ
1064 828 1240 892 ὀνίνασθαι.
1267 829 1289 910 ἢ
1321 851 1412 911 παρα-

402 926 545 1008 δείγματι
573 929 641 1000 τοῑς
668 929 776 1000 ἀλλοις
804 926 992 1007 γίγνεσθαι,
1021 919 1060 990 ἵν’
1090 929 1182 990 ἄλλοι
1202 927 1345 1008 ὁρῶντες
1365 931 1414 991 τό-

402 1039 519 1106 σχοντα
540 1026 560 1086 δ
581 1023 621 1087 ἀν
642 1025 745 1107 τάσχγ
767 1025 968 1106 φοβούμενοι
988 1026 1132 1105 βελτίους
1154 1025 1340 1107 γίγνωνται.
1363 1027 1420 1090 elci

402 1122 437 1186 δὲ
467 1121 576 1205 οἱμὲν
596 1119 818 1203 ὠφελούμενοί
843 1123 949 1186 τεκαὶ
970 1123 1062 1205 δίκην
1083 1122 1226 1196 διδόντες
1246 1123 1314 1188 ὑπὸ
1335 1129 1422 1188 θεῶν

401 1241 435 1282 τε
451 1218 504 1282 καὶ
520 1221 705 1300 ἀνθρώπων
719 1210 820 1295 οὗτοι,
842 1223 873 1284 οἳ
894 1221 935 1283 ἀν
956 1223 1066 1303 ίάσιμα
1087 1219 1301 1303 ἁμαρτήματα
1323 1222 1418 1305 ἀμάρ-
1453 1285 1455 1289 .

353 1358 368 1393 s
401 1333 515 1381 τωσιν·
539 1318 624 1399 ὅμως
644 1316 678 1383 δὲ
698 1311 740 1381 δι’
763 1319 953 1400 ἀλγηδόνων
973 1321 1026 1382 ταὶ
1047 1319 1176 1383 ὀδυνῶν
1199 1321 1347 1401 γίγνεται
1367 1324 1417 1385 ari·

401 1421 469 1490 τοῖς
496 1415 518 1497 ἡ
545 1413 682 1497 ὠφέλεια
710 1415 764 1480 καὶ
791 1415 908 1480 ἐνδάδε
929 1415 983 1481 ταὶ
1002 1413 1178 1482 ἐν’Ἆιδου·
1200 1420 1241 1483 οὐ
1263 1420 1328 1501 γὰρ
1350 1413 1419 1486 οἷόν

354 1517 436 1586 Οτι
465 1518 567 1588 ἄλλως
599 1514 722 1589 ἀδικίας
749 1517 1020 1579 ἀταλλάττεσθαι·
1048 1517 1079 1580 οἳ
1108 1512 1139 1579 δ’
1170 1516 1212 1578 ἀν
1242 1520 1284 1580 τὰ
1306 1515 1418 1601 ἔσχατα

403 1613 576 1696 ἀδικήσωσι
597 1611 650 1676 καὶ
669 1613 722 1677 διὰ
742 1612 933 1678 τὰτοιαῦτα
954 1615 1133 1696 ἀδικήματα
1153 1614 1283 1678 ἀνίατοι
1304 1613 1419 1698 γένων·

402 1732 463 1790 ται,
485 1710 520 1774 ἐκ
540 1712 664 1774 τούτων
684 1712 723 1775 τὰ
744 1713 983 1795 παραδείγματα
1003 1715 1153 1794 γίγνεται,
1173 1712 1229 1776 καὶ
1250 1703 1346 1779 οὗτοι
1365 1717 1414 1778 αδ

402 1810 451 1873 τοί
470 1807 529 1890 μὲν
550 1807 656 1873 οάιιὲτι
676 1808 843 1872 ὀνίνανται
858 1811 961 1883 οὐδέν,
983 1811 1038 1874 ἀτε
1058 1811 1184 1876 ἀνίατοι
1204 1815 1310 1891 ὄντες,
1331 1816 1416 1878 ἄλλοι

403 1906 437 1971 δὲ
464 1907 627 1971 ὀνίνανται
657 1907 689 1970 οἷ
714 1910 851 1982 τούτους
879 1908 1016 1991 ὁρωντες
1045 1910 1097 1972 διὰ
1125 1910 1182 1984 τδις
1203 1909 1363 1992 ἀμαρτίας
1381 1912 1418 1976 τὰ

402 2005 533 2089 μέγιστα
549 2005 603 2070 καί
623 2006 844 2090 όδυνιγρότατα
864 2004 917 2069 καὶ
938 2002 1149 2089 φοβερώτατα
1169 2010 1263 2090 τάδη
1285 2011 1419 2093 τιάσχον-

403 2194 480 2249 ττίοο,
499 2191 568 2255 quod
585 2192 664 2241 habet
681 2192 757 2241 etiam
775 2192 835 2240 Par.
852 2192 884 2240 V.
918 2192 977 2240 Hoc
994 2207 1027 2241 an
1045 2192 1156 2256 primum
1174 2209 1267 2244 verum
1286 2195 1331 2258 sit,
1346 2211 1411 2246 saue

402 2276 480 2324 quam
497 2261 621 2325 ambigas.
640 2277 664 2309 v.
682 2258 796 2309 Lobeck.
815 2261 930 2324 Parerga
947 2259 979 2308 ad
996 2260 1136 2324 Phrynich.
1155 2277 1180 2325 p.
1197 2259 1251 2312 524
1269 2279 1325 2328 seq.
1351 2263 1414 2313 nlut

402 2334 509 2389 certum,
527 2325 653 2392 ἀκρασίας
666 2327 810 2378 ferrinullo
824 2328 899 2378 modo
911 2343 995 2393 posse,
1013 2345 1092 2392 quum
1110 2345 1194 2379 sermo
1213 2331 1248 2380 sit
1266 2331 1298 2382 de
1315 2332 1417 2382 homine

403 2397 574 2463 cupiditatum
592 2411 698 2445 suarum
714 2397 864 2461 impotente.

452 2498 481 2546 B.
518 2494 802 2578 ἢπαραδείγματι
827 2503 898 2549 τοῖς
921 2491 1030 2548 ἄλλοις
1051 2496 1248 2564 γίγνεσθαι]
1280 2498 1311 2549 V.
1336 2495 1417 2566 ἢπο·
1461 2462 1464 2466 -

404 2561 529 2631 ρόδειγμα
553 2584 574 2615 τι
596 2571 649 2617 τοῖς
670 2561 755 2617 ἀλλοις
779 2583 802 2629 γ.
837 2566 961 2614 Dativum
981 2562 1166 2628 παραδείγματι
1189 2582 1250 2615 cum
1267 2566 1418 2618 Bekkeroe

402 2633 479 2682 Vind.
504 2633 527 2682 2.
550 2631 574 2684 6.
602 2634 660 2682 Ροι.
683 2634 714 2683 V.
739 2640 764 2682 et
787 2634 850 2682 Ven.
877 2632 906 2682 Ξ.
929 2634 1116 2682 revocavimus.
1140 2634 1200 2682 Bas.
1218 2634 1243 2687 2.
1263 2640 1288 2685 et
1304 2635 1377 2688 Flor.
1394 2653 1416 2686 x.

403 2699 597 2766 παραδείγματα
609 2696 700 2752 ἀλλοις.
719 2701 872 2751 Theodoret.
882 2700 1021 2749 etSuidas:
1037 2697 1201 2767 παράδειγμα
1213 2698 1305 2756 ἄλλοις.
1324 2704 1416 2755 Euaeb.

403 2766 565 2834 παράδειγμα
595 2775 648 2820 τοῖς
676 2765 767 2820 ἀλλοιο-
800 2768 955 2818 ‘Articulum
978 2775 1030 2820 τοῖο
1057 2785 1111 2818 non
1133 2769 1288 2834 abiecerim,
1318 2773 1416 2822 etiamsi

403 2843 547 2902 sequuntur
564 2836 642 2887 verba
661 2833 694 2886 ἵν’
713 2833 783 2886 ἄλλοι
801 2833 917 2900 ὁρῶντας
934 2855 955 2885 ιι.
975 2855 995 2885 τ.
1012 2839 1033 2886 λ.

453 2935 469 2987 ἀ
492 2934 531 2987 ἀν
553 2935 669 3002 πάσχῃ]
701 2939 732 2987 V.
758 2935 864 3000 πόσχοι,
895 2938 997 2988 soloeee
1024 2944 1050 2988 et
1072 2944 1163 2988 contra
1185 2939 1265 2989 fidem
1292 2940 1413 2992 codicum.

402 3006 465 3057 Mox
483 3021 529 3071 pro
547 3005 618 3070 vulg.
636 3003 787 3070 ἁμάρτωσιν
805 3007 869 3055 Ven.
890 3006 919 3055 Σ.
944 3006 1020 3056 Vind.
1038 3005 1063 3057 2.
1080 3006 1104 3059 6.
1122 3003 1305 3072 ἀμαρτήσωσι.

403 3173 494 3222 diam.
541 3173 611 3227 Male
633 3173 710 3222 vind.
737 3173 760 3222 1.
788 3170 881 3226 εὐθύς.

403 3258 427 3290 v.
444 3242 624 3307 Phrynich.
641 3258 664 3307 p.
680 3241 721 3293 24.
742 3243 883 3292 Ducker.

403 3309 435 3360 ad
463 3310 581 3374 Thucyd.
610 3311 687 3374 VIII,
716 3308 756 3362 88.
794 3312 884 3360 Hem-

403 3379 501 3429 sterh
512 3396 557 3428 us.
593 3379 625 3428 ad
659 3381 766 3429 Lucian.
787 3379 883 3430 sDiall.

402 3449 478 3498 Mort.
496 3447 606 3507 XXVII,
624 3447 648 3496 1.

437 3515 499 3579 Cap.
516 3516 635 3566 LXXXI.
662 3517 691 3565 B.
719 3512 765 3564 ἀπ’
784 3512 882 3565 ἄλλον

404 3579 517 3645 ὀρθῶς
537 3582 791 3649 τιμωρουμένῳ]
809 3585 883 3633 R.B.

403 3652 569 3716 Hirschig.
604 3651 669 3701 haec
700 3659 729 3700 ut
754 3653 884 3717 glossema

402 3720 540 3768 verborum
572 3722 606 3784 τῷ
634 3717 665 3768 ἐν
693 3724 802 3786 τιμωρίᾳ
830 3716 884 3768 όντι

403 3787 531 3836 eiicienda
548 3793 641 3835 censet.
674 3787 733 3836 Non
750 3789 883 3838 assentior.

402 3857 469 3906 Nam
495 3856 623 3904 sententia
648 3854 712 3904 haec
738 3864 789 3904 est:
818 3856 885 3904 uni·

404 3924 521 3986 cuique
563 3938 688 3986 poenae
730 3925 883 3984 obnoxio,

403 3992 474 4041 dum
498 3990 535 4039 ab
554 3991 620 4040 allo
637 3997 727 4040 recte
744 3992 884 4055 punitur

404 4065 435 4110 et
452 4060 648 4123 castigatur,
667 4064 713 4108 etc.

934 3175 1033 3224 simul
1056 3174 1131 3225 inde
1148 3176 1346 3241 percipiunt
1359 3175 1407 3226 uti·

934 3243 1071 3292 litatem.
1103 3245 1183 3294 Recte
1201 3245 1412 3296 Ficinussen·

934 3312 1041 3361 tentiam
1063 3313 1201 3361 verborum
1217 3313 1413 3379 Interpretatur:

935 3379 998 3441 Qui
1020 3396 1094 3430 vero
1117 3379 1201 3444 apud
1220 3381 1302 3433 deos
1319 3382 1415 3431 etho-

935 3449 1037 3508 mines
1059 3450 1107 3497 ita
1124 3448 1201 3498 dant
1218 3465 1361 3513 poenas,
1382 3453 1416 3498 ut

934 3515 1121 3565 utiIitatem
1155 3516 1233 3566 inde
1270 3519 1415 3583 aliquam

934 3585 1090 3645 referant,
1106 3584 1138 3633 hi
1155 3591 1244 3647 sunt,
1262 3587 1316 3650 qui
1330 3601 1415 3636 sana·

935 3651 1023 3702 bilia
1064 3658 1206 3716 peecata
1248 3655 1417 3704 commisc-

935 3727 1020 3769 runt.
1055 3721 1179 3769 Similiter
1195 3721 1265 3771 infra
1281 3738 1306 3786 p.
1322 3720 1372 3774 527
1383 3723 1415 3771 B:

936 3786 962 3836 τδ
979 3790 1116 3854 γίγνεσθαι
1133 3788 1259 3853 (δίκαιον)
1281 3790 1324 3840 καί
1343 3793 1415 3840 κολα-

935 3853 1049 3918 ζόμενον
1066 3853 1167 3906 διδόναι
1185 3855 1270 3922 δίκην.

968 3924 997 3973 Ο.
1039 3920 1090 3974 διά
1122 3920 1157 3973 τὰ
1186 3931 1322 3976 τοιαῦτα
1350 3923 1415 3975 ἀδι-

934 3988 1074 4057 κήματα]
1105 3998 1239 4056 propter
1265 3993 1348 4044 haec
1371 4000 1415 4042 ta·

934 4058 981 4107 lia
998 4067 1148 4122 peccata,
1166 4076 1202 4110 sc.
1215 4061 1316 4125 ἔσχατα.
1343 4061 1415 4112 Unde

438 4125 472 4175 οί
502 4125 561 4186 μὲν
590 4121 826 4188 ἀφελοίμενοί
852 4142 883 4174 τε
933 4127 1095 4194 intelligitur,
1118 4144 1183 4193 quae
1203 4129 1295 4180 sitris
1314 4129 1416 4180 articuli

404 4193 455 4243 καί
476 4192 754 4259 δίκηνδιδόντοο]
772 4194 810 4253 ii,
829 4194 883 4256 qui
933 4196 1012 4260 vulgo
1040 4197 1107 4245 male
1133 4196 1255 4262 neglecti.
1296 4199 1338 4248 De
1361 4214 1415 4263 pro·

403 4268 436 4311 et
466 4261 653 4312 utiIitatem
683 4262 883 4326 percipiunt
932 4264 1010 4312 ximis
1027 4264 1158 4313 Phaedon.
1178 4281 1200 4314 ο.
1217 4264 1307 4315 LXII:
1337 4267 1367 4316 ολ
1387 4263 1414 4314 δὲ

404 4334 434 4379 et
455 4345 592 4394 poenam
615 4331 726 4391 luunt,·
754 4329 779 4378 h.
804 4343 826 4376 e.
849 4329 882 4392 ii,
933 4326 967 4378 ἂν
997 4328 1110 4394 δόξωσιν
1138 4328 1251 4385 ἀνιάτυο
1279 4335 1349 4399 ἔχειν
1375 4329 1414 4383 διδ

404 4398 472 4462 qui,
505 4397 577 4449 dum
605 4412 745 4464 poenam
775 4396 883 4460 luunt,
933 4395 962 4448 τὰ
979 4399 1082 4466 μεγέθη
1099 4404 1151 4449 τῶν
1168 4397 1412 4469 ἀμαρτημάτων-,
