3242 5259
561 589 744 652 GORGIAS.
766 594 799 652 P.
823 595 893 651 514.
915 594 961 654 ed.
984 594 1027 654 St.
1239 600 1299 654 303

281 755 363 826 λους
392 749 437 826 ὡς
463 751 568 816 ίκανοὶ
594 753 699 835 ἰατροί
728 758 833 833 ὄντες,
862 753 1106 839 ἐπεσκεψάμεθα
1125 758 1233 840 δήπου
1260 757 1301 821 ἂν

284 847 348 930 ἐγώ
370 871 403 912 τε
424 847 458 913 σὲ
478 848 532 913 καί
554 850 595 913 σὺ
615 848 679 933 ἐμὲ,
704 850 786 933 Φέρε
806 852 888 933 πρὸς
905 857 1002 931 θεῶν,
1025 848 1123 930 αὐτὸς
1142 853 1177 919 δὲ
1197 855 1301 920 6202-

282 948 404 1029 κροίτης
425 951 494 1021 πῶς
514 944 575 1030 ἔχει
595 945 632 1011 τὸ
653 953 744 1032 σῶμα
764 950 846 1030 πρὸς
863 951 988 1032 ὑγίειαν
995 979 1004 1028 3
1024 946 1047 1034 ἢ
1068 953 1129 1035 ἢθη
1146 976 1194 1028 τις
1207 957 1303 1029 ἄλλος

282 1044 337 1108 διὰ
359 1046 540 1127 Σωκράτην
560 1046 725 1129 ἀπηλλάγη
746 1050 865 1124 νόσου,
897 1045 919 1131 ἦ
939 1050 1056 1123 δοῦλος
1075 1045 1097 1131 ἢ
1117 1049 1300 1133 ἐλεύθερος;

285 1142 361 1205 Κᾶν
384 1141 462 1224 ἐγώ,
484 1138 590 1226 οἶμαι,
610 1143 683 1226 περὶ
704 1150 764 1210 σοῦ
784 1145 875 1227 ἕτερα
895 1151 1029 1211 τοιαῦτα
1050 1145 1221 1212 ἐσκόπουν.
1247 1149 1301 1213 καὶ

283 1240 376 1323 εἰμὴ
398 1241 595 1323 ηὑρίσκομεν
624 1236 660 1306 δί
690 1244 775 1326 ἡμᾶς
794 1242 917 1326 μηδένα
945 1247 1058 1326 βελτίω
1088 1247 1244 1328 γεγονότα
1264 1248 1352 1312 τόΕ
1443 1242 1445 1246 ’

284 1342 397 1420 σῶμα,
429 1340 507 1421 μήτε
535 1343 600 1402 τῶν
630 1338 730 1417 ξένων
750 1343 833 1441 μήτε
854 1345 921 1404 τῶν
941 1344 1063 1420 οἰστῶν,
1093 1345 1170 1426 μήτε
1196 1344 1300 1426 ἄνδρα

283 1439 362 1518 μήτε
388 1442 545 1518 γυναῖκα,
575 1441 657 1519 πρὸς
682 1439 782 1514 Διός,
812 1441 837 1502 ὠ
868 1441 1072 1516 Καλλίκλεις,
1102 1442 1142 1505 οὐ
1169 1441 1299 1524 καταμέ-

283 1538 403 1598 λαστον
433 1528 537 1617 ἃνῆν
564 1545 603 1618 τῇ
632 1537 768 1621 ἀληθείᾳ
799 1539 844 1612 είς
867 1549 1025 1603 τοσοῦτον
1052 1540 1165 1614 α’νοίας
1192 1538 1300 1604 ἐλθεῖν

283 1783 307 1836 l.
325 1785 349 1836 2.
367 1785 390 1838 6.
410 1784 433 1837 7.
456 1789 514 1855 Par.
533 1788 611 1840 CIV.
633 1788 703 1840 Flor.
726 1806 750 1840 a.
767 1787 792 1839 b.
811 1805 835 1841 c.
852 1789 877 1840 d.
894 1807 922 1842 x.
946 1790 1012 1858 Aug.
1037 1792 1157 1855 Mearm,
1186 1791 1214 1842 in
1237 1797 1299 1843 vett.

283 1854 356 1904 editt.
373 1859 413 1905 eat
431 1855 519 1922 ἔησηε.

286 1986 297 2005 ν
334 1919 429 1989 ἢῆδη
448 1941 493 1976 τιν
511 1920 620 1990 ἄλλος]
645 1924 688 1974 sie
706 1925 764 1976 Per.
782 1926 811 1976 F.
830 1940 895 1979 corr.
931 1924 1017 1976 Ceteri
1034 1925 1095 1977 libri
1118 1924 1134 1994 ἢ
1159 1927 1186 1977 εἰ
1207 1925 1240 1994 δή
1265 1945 1300 1980 us

282 1992 365 2107 αλλοεςί
382 2056 421 2124 μὴ
445 2053 668 2126 ηὑρίσκομεν]
704 2060 747 2111 Sic
771 2059 859 2111 Clark.
882 2061 941 2114 Vnt.
964 2076 1011 2126 pro
1035 2061 1107 2127 vulg.
1131 2058 1298 2124 εὑρίσκομεν.

281 2124 472 2260 iinihi'ynffl}
488 2128 633 2248 iddMatffi‘
657 2128 770 2180 Gramm.
795 2131 818 2191 5.
837 2127 894 2181 167.
912 2131 1008 2180 Buttm.
1032 2131 1056 2190 §-
1073 2128 1117 2184 84.
1132 2127 1158 2182 3.
1180 2130 1296 2182 Lobeck.

282 2431 315 2480 rit
332 2447 367 2481 cx
384 2430 431 2491 iis,
455 2444 521 2495 quae
539 2429 572 2479 ad
590 2429 700 2497 Apolog.
718 2432 764 2483 So·
816 2428 947 2495 obliquam
973 2437 1088 2495 mutata,
1118 2433 1297 2500 corrigendum

282 2505 344 2549 crat.
366 2515 391 2563 p.
416 2497 457 2548 11.
480 2498 677 2564 disputavimus.
712 2499 764 2549 Ad·
815 2500 916 2548 censuit
934 2495 949 2564 ἢ
968 2498 1017 2565 ηδη
1035 2517 1070 2552 us
1087 2496 1168 2554 ἄλλος.
1213 2503 1297 2564 Quem

282 2567 366 2617 dimus
392 2565 504 2685 Sophist.
526 2583 551 2631 p.
569 2565 627 2618 256.
645 2568 675 2616 Β.
708 2569 763 2618 Μο·
815 2566 1021 2617 emendationem
1029 2568 1212 2633 amplexisunt
1220 2571 1296 2620 etiam

281 2638 345 2687 nen.⁸
368 2650 393 2699 p.
410 2632 427 2684 2
445 2632 469 2686 6.
490 2635 524 2684 D.
547 2633 637 2700 Lysid.
661 2651 686 2700 p.
704 2632 762 2690 209.
816 2634 953 2685 Beklrer.
977 2641 1003 2684 et
1019 2636 1097 2697 Ast,
1121 2643 1146 2686 et
1169 2653 1217 2703 ego
1235 2653 1297 2702 que-

281 2704 312 2753 Ε.
329 2704 434 2768 Protag.
456 2718 481 2766 p.
498 2699 556 2753 318.
581 2704 611 2753 Β.
636 2703 677 2753 De
700 2704 763 2768 Rep.
816 2717 865 2766 que
888 2702 1042 2766 amplector,
1072 2704 1121 2754 etsi
1143 2704 1214 2755 solus
1240 2704 1296 2757 cod.

281 2772 353 2821 VIII.
388 2786 413 2834 p.
447 2769 505 2822 515.
540 2770 571 2820 Ε.
610 2771 763 2836 Xenoph.
815 2770 896 2819 Paris.
922 2771 952 2820 F.
975 2769 1055 2821 habet
1077 2768 1141 2837 ἤδη,
1164 2772 1241 2837 idque
1263 2789 1297 2823 ex

281 2839 370 2904 Symp.
395 2836 487 2899 11‚20.
521 2839 562 2888 De
585 2840 680 2889 eoristo
704 2837 763 2889 ἐπε·
815 2838 971 2888 correctione
1012 2838 1136 2889 additum.
1192 2841 1297 2892 Etenim

282 2903 439 2968 σκεψόμεθα
463 2911 522 2971 post
544 2907 721 2972 imperfectum
738 2906 766 2957 εί
815 2911 924 2970 possunt
941 2904 1045 2971 quIdem
1068 2907 1134 2958 haec
1157 2909 1247 2959 referri
1264 2908 1296 2959 ad

280 3003 314 3012 —
345 2976 541 3037 παρεκαλοῦμεν
571 2975 655 3039 posito
684 2991 709 3028 v,
739 2991 763 3040 p.
814 2973 997 3037 praecedentia
1020 2974 1081 3026 illa:
1112 2981 1167 3028 πῶς
1191 2977 1240 3041 ἔχει
1269 2973 1296 3026 τὸ

280 3040 339 3093 447.
360 3043 392 3090 D.
410 3041 469 3092 coll.
488 3042 668 3107 Euthyphron.
685 3042 763 3107 p.12.
816 3046 889 3103 σῶμα
907 3060 928 3091 κ.
947 3061 966 3091 τ.
985 3044 1020 3102 λ,
1045 3045 1082 3094 ita
1099 3050 1130 3093 ut
1147 3044 1174 3094 εί
1189 3061 1242 3094 non
1259 3045 1297 3093 in·

281 3111 314 3160 D.
349 3109 468 3174 Sympos.
491 3126 515 3175 p.
540 3109 596 3160 199.
618 3111 652 3160 D.
675 3111 764 3175 ibique
814 3116 945 3175 terrogare
962 3116 1079 3175 putetur,
1103 3111 1149 3163 sed
1172 3113 1299 3164 conditio·

281 3183 370 3228 annot.
389 3179 452 3227 Post
470 3176 515 3237 ε’μέ
532 3177 702 3242 exspectabas
721 3179 764 3228 ad·
815 3177 856 3227 nis
882 3178 962 3227 faciat
989 3179 1213 3243 significationem.
1257 3182 1298 3230 Ita

281 3245 364 3295 ditum
382 3243 499 3311 λέγοντες
517 3243 600 3298 οὕτως
616 3253 662 3296 aut
679 3245 764 3296 simile
815 3247 897 3295 oratio
913 3251 1003 3310 gratae
1018 3246 1152 3308 cniusdam
1163 3247 1297 3313 negligen-

281 3313 412 3379 quiddam.
453 3313 504 3364 Sed
526 3313 616 3368 eadem
639 3314 763 3364 orationis
815 3313 867 3362 tiae
890 3314 1001 3377 speciem
1027 3314 1121 3363 referet
1144 3331 1159 3365 a
1183 3315 1297 3380 dialogo-

280 3383 365 3432 forma
387 3387 428 3432 est
449 3398 474 3446 p.
492 3379 550 3433 515.
570 3381 600 3431 A.
644 3382 763 3432 Ceterum
814 3395 872 3429 rum
885 3380 1073 3431 consuetudine
1085 3383 1192 3431 minime
1205 3381 1297 3433 abbor-

282 3446 450 3515 δημοσιεύειν
461 3455 501 3499 est
513 3447 621 3499 verbum
632 3451 763 3516 proprium
814 3454 921 3498 rentem.
954 3449 1031 3511 Aut,
1054 3449 1150 3513 inquit,
1174 3450 1204 3499 si
1222 3451 1296 3514 quis

281 3533 361 3582 quum
387 3517 419 3566 de
441 3517 561 3568 omnibus
584 3518 633 3580 iis,
655 3519 700 3582 qui
718 3534 763 3583 pu·
815 3514 919 3577 elius,
943 3517 1014 3566 sive
1033 3531 1146 3567 servus
1163 3518 1234 3567 sive
1252 3519 1296 3568 in-

279 3583 763 3652 blicamuneracapessunt(icSteute·
814 3599 956 3649 genuus,
991 3599 1048 3649 per
1077 3584 1246 3636 Socratem
1280 3602 1297 3637 a

281 3653 378 3703 dienato
407 3654 497 3717 treten)
532 3660 586 3703 tum
620 3654 699 3705 etiam
731 3654 763 3704 de
815 3654 926 3702 morbo
961 3650 1130 3703 liberatus
1159 3658 1223 3704 est:
1258 3669 1295 3703 sc.

280 3721 422 3772 medicis
466 3721 606 3786 publice
645 3722 764 3772 condu-
816 3724 870 3771 uois
894 3709 971 3772 orites
995 3720 1044 3784 ἔχει
1074 3717 1101 3770 τί
1130 3725 1202 3781 σῶμα
1227 3720 1295 3785 πρὸς

280 3790 348 3838 ctis
367 3794 398 3838 et
422 3797 525 3840 artem
546 3805 633 3840 auam
660 3790 763 3855 publi·
816 3783 931 3852 ὑγίειαν,·
950 3787 1001 3838 Sed
1018 3788 1076 3853 ipsa
1093 3790 1296 3839 sententiahuic

280 3873 317 3906 ce
335 3855 587 3908 factitantibus.
616 3858 657 3907 De
674 3857 763 3908 huius·
814 3856 909 3907 rationi
925 3854 1084 3906 adversatur.

279 3924 351 3975 modi
368 3923 477 3974 medicis
499 3941 638 3990 eorumque
659 3926 763 3980 fortune
849 3923 882 3973 εί
903 3919 944 3989 μὴ
967 3919 1176 3988 ηὑρίσκομεν
1193 3941 1295 3990 -μη-

280 4008 304 4046 v.
324 3993 465 4044 Boeckh.
484 3992 581 4043 Oecen.
598 3993 677 4046 Attio.
693 3995 725 4044 Τ.
741 3995 762 4044 Ῑ.
816 3990 903 4057 θένα]
922 3991 956 4040 Η.
974 4008 995 4042 e.
1015 3988 1079 4041 τινά.

279 4077 305 4125 p.
318 4057 383 4143 ⁸¹132
522 4124 533 4143 ⁹
847 4060 886 4141 E‘.
913 4057 963 4111 εἰς
996 4063 1163 4138 τοσοζντον
1186 4087 1219 4096 -
1241 4055 1294 4144 σίν-

279 4125 495 4261 ..είεηίίίίλ
509 4125 761 4248 .3.².²⁰t.·.·I.I⁰.t:
814 4124 1211 4259 Itt.⁷;3.”tt..d.⁰.¹.¹f..tttt
1225 4146 1296 4261 ..tt

279 4279 360 4327 quum
381 4263 448 4313 haec
471 4279 517 4328 per
533 4264 762 4328 interrogationem
814 4277 859 4311 sus
874 4261 1050 4325 importunum
1071 4260 1209 4312 delendum
1231 4280 1295 4316 esse.

278 4333 408 4395 acciperet
433 4335 510 4396 atque
527 4331 633 4381 mirifice
652 4332 762 4382 offende-
814 4329 864 4379 Sed
881 4337 950 4379 recte
966 4328 1094 4379 iudicavit
1106 4332 1221 4380 Buttm.
1240 4349 1295 4384 ore·

278 4406 350 4449 retur
378 4403 450 4448 recta
477 4400 592 4450 oratione
620 4401 709 4450 statim
733 4399 762 4450 in
813 4399 911 4450 tionem
927 4397 984 4449 fieri
998 4398 1152 4463 graviorem,
1169 4398 1232 4450 dum
1248 4416 1295 4466 pro
