3242 5259
528 564 709 625 GORGIAS.
731 566 764 626 P.
787 567 859 625 447.
882 567 925 626 ed
948 566 990 627 St.
1222 574 1259 628 81

237 725 289 801 τίς
318 725 500 810 ἦδύναμις
525 737 581 811 τῆς
608 727 719 812 τέχνης
747 735 808 793 τοῦ
831 729 967 809 ἀνδρός,
996 727 1050 792 καλ
1078 730 1109 793 τί
1128 728 1214 794 ἐστιν
1242 727 1261 796 ὃ

238 822 469 907 ἐπαγγέλλεταί
496 847 529 888 τε
558 825 611 888 καὶ
639 826 789 892 διδάσκει.
825 827 885 910 τὴν
922 827 956 892 δέ
984 830 1085 909 ἄλλην
1113 825 1262 907 ἐπίδειξιν

235 923 401 998 είςαῦθις,
423 921 536 1005 ’ὥςπερ
571 922 612 986 σὺ
632 925 747 1006 λέγεις,
776 927 974 1007 ποιησάσθω.
1019 929 1122 988 ΚΑΛ.
1156 927 1263 992 Οὐδὲν

237 1013 313 1085 οἷον
334 1023 372 1085 τὸ
392 1021 492 1085 αὐτὸν
519 1018 659 1101 ἐρωτᾶν,
690 1015 917 1104 ὦΣώκρατες.
947 1022 1000 1087 καὶ
1028 1022 1090 1105 νδιρ
1118 1025 1206 1112 αὐτῷ
1224 1026 1262 1090 ἐν

236 1114 325 1183 τοῦτ’
346 1112 390 1202 ἦν
410 1127 466 1201 τῆς
487 1115 676 1196 ἐπιδείξεως·
706 1117 829 1184 ἐκέλευε
848 1131 932 1203 γοῦν
952 1131 1015 1184 νῦν
1035 1120 1074 1204 δὴ
1097 1119 1220 1201 ἐρωτολν
1242 1117 1261 1186 ὅ

237 1238 268 1279 τι
288 1239 338 1291 τις
361 1217 512 1298 βούλοιτο
532 1219 598 1279 τῶν
618 1212 713 1281 ἔνδον
735 1221 850 1294 ὄντων,
878 1219 931 1282 καὶ
952 1221 1032 1299 πρὸς
1051 1218 1177 1283 ἅπαντα
1198 1217 1260 1304 ἔφη

240 1315 500 1396 ἀποκρινεῖσθαι.
552 1316 629 1377 >stt
655 1303 701 1378 Ἦ
716 1318 821 1389 καλῶς
849 1313 958 1397 λέγεις.
1003 1305 1045 1379 Ὦ
1076 1322 1258 1399 Χαιρεφῶν,

239 1411 320 1491 ἐροῦ
342 1412 452 1476 αὐτόν.
496 1415 585 1475 ΧΑΙ.
615 1412 653 1476 Τι’
672 1409 807 1494 ἐ’ρωμαι;
830 1415 906 1476 ΣΩ.
920 1408 1026 1488 Ὅςτις
1048 1413 1121 1479 ἐστί.
1166 1414 1256 1480 ΧΑΙ.Ι
1277 1421 1310 1486 D

240 1513 319 1585 Πῶς
340 1507 460 1592 λέγοιμ
494 1511 571 1574 Est.
585 1505 707 1591 Ὥςπερ
728 1508 769 1573 ἂν
791 1511 818 1573 εί
838 1507 1010 1594 ἐτύγχανεν
1031 1510 1078 1576 ὢν
1097 1514 1261 1597 ὑποδημά-

235 1696 326 1746 λεοθε.
345 1695 406 1746 Par.
424 1695 486 1745 EF.
503 1694 572 1745 Flor.
590 1695 607 1744 f.
625 1710 645 1744 ε.
664 1691 707 1744 ὅτε
725 1693 901 1759 βουλήσεσθε.
930 1695 1015 1746 Ceteri
1032 1703 1100 1748 reete
1117 1697 1261 1765 βούλησθε.

236 1765 306 1814 Dein
315 1759 467 1880 Edoddlmd
483 1761 540 1824 ἐμοὶ
557 1763 685 1813 insertum
703 1770 742 1813 eet
759 1759 809 1828 γὰρ
829 1780 862 1814 ex
880 1764 969 1815 Clark.
982 1765 1042 1815 Vat.
1057 1766 1133 1816 Vind
1152 1767 1175 1818 l.
1193 1767 1217 1818 2.
1236 1767 1261 1820 6.

236 1833 296 1881 Par.
340 1867 348 1881 .
399 1846 436 1880 or.
465 1847 517 1881 .x.

287 1897 505 1962 ἐπιδείξεται
529 1894 619 1964 ὑμῖν]
643 1897 676 1947 V.
699 1893 773 1962 ἡμῖν,
804 1897 873 1961 qued
896 1905 1023 1949 mutatum
1050 1916 1064 1950 e
1089 1900 1177 1952 Clark
1200 1904 1260 1954 Vat

236 1966 318 2019 conl.
337 1967 397 2017 Par.
414 1966 515 2016 Bclv
523 1966 565 2019 W.
583 1964 661 2016 Vind.
680 1964 703 2015 l.
722 1964 746 2016 2.
764 1966 831 2030 Aug.
849 1972 875 2016 et
892 1972 990 2032 septem
1007 1967 1175 2020 Florentinis.

288 2035 318 2085 G.
363 2031 534 2097 ἐπίδειξιν
558 2031 730 2099 είεαῦθιε]
765 2034 831 2082 Ven.
856 2033 918 2084 ΞΣ.
952 2035 1030 2085 vind.
1052 2035 1076 2088 2.
1099 2035 1122 2087 λ.
1158 2039 1217 2088 Par.
1239 2039 1260 2088 1.

236 2103 333 2154 Ruuth.
352 2099 470 2154 ίεαῦθιε.

288 2165 329 2220 αδ
342 2173 384 2236 τῷ
401 2169 438 2218 ἐν
456 2164 552 2235 τοῦτ’]
580 2170 612 2218 V.
630 2163 709 2226 αδτό,
728 2166 798 2231 quod
814 2168 877 2218 libri
893 2168 992 2219 hubent
1007 2172 1158 2236 paucissimi
1176 2189 1260 2239 neque

236 2238 256 2287 ii
274 2239 341 2288 aetia
359 2237 430 2287 beni.
464 2238 562 2287 Verum
580 2242 681 2301 praeter
698 2235 765 2286 aliea
784 2235 874 2286 Clark.
893 2244 986 2289 tuetur.

234 2411 365 2472 pretatur:
383 2401 399 2454 d
415 2405 557 2470 Καλλικλῆς
577 2420 659 2469 φησιν
678 2401 723 2462 ὅτι,
775 2406 915 2456 verborum
938 2409 1093 2457 sententium
1119 2407 1260 2458 declaravit

229 2473 300 2523 -ὄταν
338 2471 444 2539 θέλητε,
482 2472 572 2523 ἔλθετε
603 2471 643 2524 ele
678 2470 724 2521 ιδν
775 2474 827 2522 εἰει
852 2471 962 2539 καὶγὰρ
987 2481 1063 2525 τοῦτο
1087 2475 1118 2524 ἓν
1136 2473 1190 2525 ἐστι
1216 2480 1260 2540 τῆν

235 2536 322 2602 οἶκον,
347 2542 391 2591 καί
409 2546 476 2591 ποια)
493 2536 576 2590 αὐτὸν
594 2538 723 2602 ἐπιδείξα·
776 2539 927 2603 ἐπιδείξεως
944 2538 1032 2591 αὐτοῦ.
1056 2543 1096 2592 De
1115 2542 1197 2592 dativi
1210 2542 1260 2592 usu

237 2611 311 2660 σθαι.
362 2616 368 2620 '
775 2610 1259 2675 notueuntinvulgueemnie.Hein-

271 2678 301 2728 G.
332 2679 380 2729 tle
407 2672 423 2741 ἡ
448 2672 588 2736 δύναμιν
617 2680 670 2740 τῆς
694 2673 722 2740 ι]
775 2676 907 2726 dorfius
941 2678 1012 2744 vulg.
1047 2679 1185 2729 lectionem
1215 2677 1257 2728 καί

236 2746 332 2796 Latine
357 2744 464 2796 dixeris:
491 2744 525 2794 in
542 2759 602 2808 quo
625 2744 675 2791 vie
694 2749 724 2792 et
774 2739 825 2809 γὰρ
845 2740 908 2794 αὐτὸ
927 2744 958 2794 ἓν
976 2741 1042 2795 τοῦτ’
1062 2737 1096 2812 ἦν
1115 2764 1134 2794 ι.
1153 2744 1192 2796 ἐπ.
1217 2745 1259 2795 de-

236 2821 361 2864 natura
417 2813 502 2862 ertia
553 2817 724 2873 cernatur,
775 2811 928 2875 fenditeie,
951 2819 980 2862 ut
1002 2808 1065 2863 αὐτὸ
1084 2818 1158 2863 τοῦτο
1180 2815 1260 2864 inter·

235 2897 333 2947 quam
361 2879 553 2945 profitetur.
592 2880 673 2944 Legg.
703 2881 722 2930 Ι.
774 2874 889 2945 pretetur
912 2879 1082 2948 idipsum,
1106 2882 1192 2946 quod
1216 2881 1258 2930 di·

235 2965 260 3014 p.
285 2945 347 3000 643.
365 2949 403 2997 A:
430 2952 536 3012 πρῶτον
558 2945 591 3012 δὴ
607 2974 640 2983 -
666 2943 723 3009 ὁρι·
775 2949 825 3010 xi,
849 2963 886 3000 εο.
905 2945 932 2997 τὸ
958 2948 1061 3013 ἐρωτᾶν
1082 2946 1171 2998 αὐτόν.
1208 2949 1260 2999 Sed

238 3014 350 3077 οολμεδα
374 3015 510 3074 παιδείαν,
544 3018 569 3065 τί
589 3010 643 3064 ποτ’
668 3011 722 3063 ἐντί
774 3015 812 3064 ita
829 3031 882 3064 non
899 3018 983 3080 potuit
1000 3016 1031 3066 ἕν
1054 3018 1122 3067 inter
1139 3012 1204 3066 αὐτό
1223 3022 1260 3066 at·

235 3084 279 3135 καλ
305 3086 364 3134 τίνα
388 3080 499 3143 δύναμιν
520 3082 576 3147 ἔχει.
608 3083 675 3132 Tim.
698 3098 724 3146 p.
775 3099 825 3147 que
843 3089 917 3133 τοῦτο
934 3084 1071 3148 interponi.
1103 3086 1143 3135 De
1162 3086 1260 3151 Gorgia

235 3150 278 3203 28.
308 3152 341 3200 A.
365 3151 474 3202 Phaedr.
504 3166 529 3215 p.
552 3147 610 3201 246.
634 3150 666 3198 A.
690 3148 723 3198 nl.
775 3150 808 3200 ud
839 3166 1049 3216 unamquamque
1082 3154 1259 3216 quaestionem

235 3219 366 3285 Intelligit
396 3225 482 3269 autem
510 3224 591 3268 artem
617 3217 725 3267 rhetori·
775 3234 803 3268 ee
826 3234 1009 3283 responsurum
1040 3220 1152 3285 profiteri
1182 3221 1258 3271 solito

235 3301 409 3406 ⁰⁸”d'ri‘iim
423 3284 507 3404 51⁰5?
509 3286 690 3416 ‘lt‘iiiibii
699 3351 723 3418 ..ι
774 3285 1258 3416 indii·d'ndinffindifi‘edi
1315 3389 1317 3392 .

237 3423 411 3488 Optimum
428 3427 478 3471 est
500 3421 607 3486 ipeurn
625 3421 725 3470 inter·
774 3423 795 3482 Ι,
812 3418 854 3471 22.
873 3422 927 3484 ΙΙΙ,
943 3419 983 3475 32.
1004 3421 1145 3483 Quintil.
1163 3423 1197 3482 II,
1216 3421 1257 3475 21.

210 3489 211 3492 ’
234 3506 363 3556 rogare.
380 3490 410 3541 P.
427 3487 485 3540 481.
504 3491 537 3538 B:
564 3486 645 3539 οὐδὲν
662 3486 722 3548 μέν·
776 3487 1159 3555 §.21:Gorgiaequidem
1178 3488 1258 3538 adeo

237 3575 278 3609 τοι
293 3553 354 3608 οίον
372 3553 399 3606 τδ
418 3553 500 3608 αὐτὸν
517 3555 626 3620 ἐρωτᾶν.
657 3556 724 3605 Ari·
774 3557 903 3607 rhetori
931 3557 969 3606 de
994 3558 1144 3607 omnibus
1171 3562 1258 3621 puta-

236 3625 346 3691 etoph.
369 3625 478 3690 Lyeiatr.
503 3641 527 3674 v.
554 3622 616 3675 135:
641 3619 723 3673 οὐδὲν
774 3626 825 3673 vit
847 3640 918 3674 esee
947 3624 1136 3687 dieendum,
1165 3630 1200 3674 ut
1223 3640 1258 3674 ee

236 3689 288 3759 γὰρ
307 3688 504 3743 odov.Avv.v.
524 3687 658 3744 9662622’
677 3687 723 3740 ud·
773 3695 808 3742 in
832 3692 1017 3742 auditoriis
1046 3694 1258 3758 interrogari

237 3760 287 3810 δὲν
304 3755 368 3810 οίόν
382 3755 433 3810 ἐστ’
445 3755 554 3810 ἀκοῦσαι
572 3765 617 3811 τοῦ
633 3755 722 3820 νόμον.
773 3765 959 3825 pateretur,
984 3777 1046 3826 que
1063 3762 1202 3827 quiaque
1219 3759 1256 3811 de

235 3828 407 3879 Dementh.
434 3828 493 3877 adv.
519 3828 581 3878 Mid.
611 3842 635 3893 p.
658 3825 722 3878 529:
774 3827 939 3881 revellet.

236 3891 322 3946 οὐδὲν
344 3893 396 3961 γὰρ
420 3888 481 3945 οίον
507 3891 616 3946 ἀκούειν
643 3890 725 3944 αὐτοῦ
808 3897 841 3948 D.
859 3893 977 3958 Ὥςπερ
1004 3892 1043 3944 ἂν
1071 3895 1103 3945 εί
1130 3891 1257 3961 ἐτύγχα-

236 3968 284 4014 τοῦ
307 3960 399 4023 νόμον.
442 3963 591 4014 Formulam
615 3965 723 4012 nonin·
778 3980 834 4012 νεν
856 3990 889 4000 -
913 3960 1118 4026 ἀπεκρίνατο
1140 3959 1189 4028 ἂν]
1218 3964 1257 4012 De

233 4030 359 4098 telligeue
400 4030 584 4082 Gornariue
628 4036 724 4080 temere
776 4032 867 4081 ueristi
878 4037 904 4080 et
916 4032 1060 4096 imperfecti
1074 4031 1257 4081 coniunctione

234 4100 352 4150 eonieeit
378 4093 469 4150 οὐδὲν
483 4096 578 4152 δεινόν.
622 4097 724 4149 Deinde
774 4114 799 4147 v.
831 4099 863 4148 ad
890 4099 1071 4164 Euthyphron.
1100 4114 1124 4163 p.
1156 4096 1195 4147 12.
1223 4099 1256 4147 D.

233 4172 307 4219 reete
336 4165 412 4218 eedd.
447 4167 567 4218 meliores
596 4167 638 4216 καὶ
672 4164 722 4232 γὰρ
775 4167 894 4232 Sympoa.
916 4182 941 4230 p.
964 4165 1022 4216 199.
1045 4168 1077 4219 D.
1104 4167 1209 4215 Menon.
1231 4181 1256 4230 p.

235 4230 309 4302 αὐτῷ
327 4234 360 4285 ἐν
374 4230 440 4285 τοῦτ’
460 4226 494 4300 ἦν
512 4232 724 4301 τῆείπιδείξεωε.
776 4232 817 4285 72.
841 4236 871 4283 Β.
913 4235 954 4283 De
978 4230 1013 4282 ἄν
1035 4240 1094 4299 post
1115 4230 1200 4292 ὥςπερ
1224 4232 1258 4282 δν

233 4303 303 4354 Nam
313 4303 449 4370 genitivus
464 4299 613 4365 ἐπιδείξεως
631 4302 725 4367 pendet
775 4303 884 4367 repetito
912 4317 937 4350 v.
971 4301 1003 4350 ud
1025 4301 1135 4367 apolog.
1159 4301 1258 4355 Soerut.

236 4369 328 4422 ιλιέν.
364 4371 446 4422 Baete
463 4369 724 4436 Olympiodurue
775 4386 800 4435 p.
820 4366 860 4419 17.
877 4370 910 4418 D.

286 4471 414 4524 nuova.
428 4471 477 4515 von
489 4471 518 4512 n.
532 4471 589 4513 εωι.
602 4472 622 4512 1.
1042 4469 1059 4522 6
1082 4506 1085 4510 ,
