3242 5259
288 604 292 610 ¹
331 613 392 668 222
747 607 944 668 PLATONIS

331 771 366 834 δὲ
393 771 485 854 ἡμῶν
512 767 534 852 ᾖ
560 764 801 853 φρονιμώτερος
821 771 893 851 περὶ
912 775 1014 834 ταῦτα
1036 767 1146 850 ίατρὸς
1166 763 1232 850 oio,
1260 765 1339 852 ᾗδὲ,

236 877 242 885 ’
332 863 404 933 οἷον
425 870 523 944 εἰκός,
553 873 619 932 τών
639 867 698 950 μὲν
719 869 940 950 ἰσχυρότερος,
966 873 1032 932 τών
1051 869 1086 934 δέ
1107 869 1339 950 ἀσθενέστερος,

331 971 408 1031 ἄλλο
435 991 465 1031 τι
493 967 514 1049 ἢ
544 957 639 1040 οὗτος
667 968 909 1048 φρονιμώτερος
936 967 1029 1050 ἡμῶν
1056 965 1104 1031 ὢν
1132 969 1271 1047 βελτίων
1294 968 1341 1032 καί

330 1067 483 1145 κρείττων
498 1063 584 1127 ἔσται
600 1063 642 1137 είς
658 1067 775 1139 ταύτα;
800 1067 903 1129 ΚΑΛ.
926 1066 1024 1128 Πιίνν
1045 1087 1088 1146 γε.
1132 1068 1209 1128 ΣΩ.
1226 1055 1274 1128 Ἦ
1287 1059 1341 1130 σύν

282 1168 308 1236 O
331 1164 455 1227 τούτων
472 1166 544 1241 τών,
553 1164 662 1225 σιτίων
675 1160 774 1225 πλέον
787 1163 880 1243 ἡμῶν
898 1159 1008 1226 ἑκτέον
1027 1156 1125 1246 αύτῷ,
1145 1159 1196 1227 ὅτι
1216 1164 1342 1245 βελτίων

331 1260 427 1335 ἐστίν,
448 1260 467 1340 ἢ
489 1269 532 1340 τῷ
554 1260 612 1341 μὲν
632 1264 741 1340 ἄρχειν
761 1262 866 1322 ποίντα
888 1257 1013 1324 ἐκεῖνον
1033 1263 1084 1324 δεῖ
1100 1261 1229 1344 νέμειν,
1260 1261 1294 1326 έν
1312 1261 1342 1326 δὲ

330 1367 374 1440 τῷ
403 1359 587 1421 ἀναλίσκειν
615 1379 647 1419 τε
676 1350 758 1419 αὐτὰ
789 1356 842 1420 καί
862 1365 1083 1441 καταχρῆσθαι
1103 1361 1149 1434 είς
1169 1355 1208 1424 τό
1230 1359 1343 1425 ἑαυτοῦ

331 1461 422 1539 σῶμα
443 1450 484 1520 ού
505 1453 766 1537 ττλεονεκτητέον,
796 1456 824 1518 εί
843 1452 887 1537 μὴ
908 1454 1010 1538 μέλλει
1033 1460 1241 1540 ζημιοῦσθαι,
1270 1459 1342 1522 νίλλὰ

331 1559 396 1618 τών
426 1553 486 1636 μὲν
512 1550 626 1628 πλέον,
656 1557 721 1615 τών
750 1548 779 1616 δ’
810 1549 942 1618 έλαττον
968 1551 1093 1625 ἑκτέον·
1121 1555 1179 1621 ἐὰν
1206 1553 1243 1620 δέ
1270 1558 1342 1639 τύχῃ

330 1654 461 1717 πάντων
476 1647 705 1725 ἀσθενέστατος
720 1645 776 1728 ών,
792 1652 925 1714 ποίντων
943 1653 1107 1736 έλοίχιστον
1122 1657 1170 1737 τῷ
1186 1655 1341 1738 βελτίστῳ,

331 1743 357 1814 ὦ
381 1749 582 1825 Καλλίκλεις;
615 1745 673 1831 ούχ
695 1749 804 1826 οὕτως,
838 1743 990 1831 ἆτ’γαθές
1025 1753 1129 1814 ΚΑΛ.
1163 1752 1246 1834 Περὶ
1267 1754 1342 1816 σιτία

276 1860 308 1923 D
331 1847 431 1930 λέγεις
459 1848 512 1912 καί
542 1847 624 1911 ποτὰ
652 1846 706 1911 καὶ
735 1843 865 1931 ἰατροὺς
885 1850 936 1912 καί
959 1850 1138 1930 φλυαρίας·
1168 1851 1233 1932 ἐγὼ
1254 1850 1288 1915 δέ
1307 1844 1342 1914 ού

330 1951 431 2011 ταῦτα
452 1945 540 2028 λέγω.
583 1949 657 2009 Σίλ.
684 1946 830 2024 Πότερον
851 1940 913 2010 σύν
931 1940 991 2010 τὸν
1011 1941 1260 2030 φρονιμώτερον
1281 1951 1341 2028 βελ-

329 2045 386 2109 τίω
407 2043 524 2127 λέγεις;
556 2045 645 2108 cour
665 2043 685 2126 ἢ
707 2047 759 2126 μή.
804 2046 907 2107 ΚΑΛ.
928 2038 1059 2126 Ἔγωγε.
1102 2047 1181 2108 ΣΩ.
1207 2039 1284 2109 Ἀλλ’
1306 2039 1341 2110 ού

381 2227 458 2280 ἄλλο
483 2248 509 2279 τι
533 2226 548 2295 ἢ
571 2220 668 2280 οὗτος
691 2226 803 2294 upon]
829 2229 929 2277 Rursus
953 2228 995 2277 hic
1013 2228 1164 2292 Bekkerus,
1189 2232 1341 2295 nescioquo

330 2299 389 2348 odio
406 2299 552 2348 innocentis
569 2295 712 2361 particulae
730 2297 918 2359 inflammatus,
945 2293 1060 2361 ἢείοοίλ,
1079 2313 1158 2361 quam
1176 2299 1255 2348 etiam
1273 2298 1340 2348 codd.

329 2383 424 2432 magns
448 2367 619 2417 consensione
641 2369 751 2414 tuentur.
782 2365 850 2414 conf.
873 2364 906 2413 ad
929 2380 953 2428 p.
972 2362 1031 2415 455.
1049 2366 1079 2414 B.
1102 2364 1162 2416 481.
1180 2366 1211 2415 0.
1238 2365 1297 2418 496.
1312 2367 1342 2415 Ι).

329 2434 387 2486 002.
406 2436 434 2485 C.
453 2434 478 2483 et'
495 2434 528 2483 ad
545 2433 691 2497 Euthyphr.
708 2448 732 2496 p.
752 2430 808 2482 104.
831 2432 870 2481 ed.
888 2432 949 2481 min.
968 2432 1037 2497 Lips.

381 2503 411 2552 G.
442 2503 525 2566 Περὶ
547 2504 634 2550 σιτία
651 2498 818 2566 tepere-l
842 2499 913 2550 Τι’δὲ
924 2503 990 2549 σιτία
1002 2501 1090 2550 Clark.
1103 2515 1136 2548 ex
1155 2517 1220 2551 corr.
1232 2499 1342 2552 vinci.

330 2573 388 2620 Per.
406 2572 438 2620 V.
460 2571 534 2620 Bodl.
553 2571 620 2634 Aug.
639 2570 745 2618 Meerm.
779 2568 857 2618 Male.
893 2569 957 2618 Post
981 2572 1046 2617 σιτία
1066 2568 1147 2633 vulgo
1172 2569 1289 2620 additum
1310 2571 1341 2619 le

329 2640 399 2703 gitur
424 2635 470 2696 σύ,
499 2637 544 2687 sed
569 2638 690 2686 omittunt
716 2651 858 2701 pronomen
881 2636 968 2685 Clark.
991 2636 1050 2686 Vas
1074 2635 1155 2686 Coisl.
1179 2637 1259 2687 vind.
1281 2637 1341 2689 16

331 2707 389 2754 Par.
406 2705 576 2755 BCEFIW.
601 2711 627 2754 et
643 2721 736 2755 novem
754 2703 908 2753 Florentini.
942 2704 1090 2769 Eorumque
1107 2707 1241 2756 sententia
1256 2707 1342 2770 utique

332 2772 461 2822 audienda
483 2772 591 2821 videtur.
632 2773 699 2822 Nom
721 2772 824 2821 videtur
849 2769 880 2821 σύ
904 2772 936 2820 eb
959 2772 992 2821 iis
1014 2771 1175 2822 inculcatum
1202 2790 1274 2837 esse,
1302 2775 1342 2839 qui

332 2841 446 2890 Graecos
470 2846 494 2888 et
517 2839 626 2889 Latinos
652 2841 801 2904 ignorarent
823 2840 851 2888 in
873 2840 999 2890 eiusmodi
1023 2841 1234 2905 oppositionibus
1256 2858 1342 2908 prouo-

332 2909 403 2956 mine
421 2905 529 2956 subinde
548 2907 672 2956 omittere.
708 2907 788 2957 Cuius
811 2923 875 2957 usus
892 2908 1012 2973 exempla
1029 2909 1095 2958 bene
1112 2909 1197 2958 multe
1214 2926 1297 2976 nuper
1312 2909 1341 2959 ad

331 2975 487 3039 Euthydem.
504 2990 529 3038 p.
547 2972 605 3024 295.
623 2974 655 3023 A.
678 2975 902 3040 consignavimus,
925 2975 971 3024 ubi
994 2981 1046 3025 est:
1070 2975 1097 3026 εἰ
1116 2974 1168 3042 γάρ
1193 2996 1233 3028 τοι
1251 2977 1342 3044 λέληθα

332 3041 443 3103 έμαντὸν
462 3040 546 3104 σοφὸς
563 3038 609 3101 νίν,
629 3041 661 3091 σύ
682 3041 711 3092 δὲ
730 3047 802 3092 τοῦτο
821 3041 965 3106 ἐπιδείξειε.

332 3240 365 3249 -
388 3212 488 3275 ἔχθραν
513 3239 546 3248 -
568 3208 710 3276 ἀράμενον.
745 3211 812 3261 Ibid.
864 3212 908 3276 qui
926 3209 995 3274 Περί
1014 3211 1094 3261 deleri
1112 3211 1195 3275 iubet,
1213 3212 1342 3264 demedio

330 3298 355 3345 p.
374 3279 437 3337 559:
455 3278 587 3330 τοσούτων
604 3277 761 3342 ἀνθρώπων
778 3307 811 3317 -
864 3279 984 3329 tollendo.
1045 3280 1152 3345 Proprie
1181 3283 1342 3348 significant

333 3349 365 3399 σὺ
374 3345 517 3412 παρελθών
527 3345 641 3411 ἁθρόων
652 3345 810 3413 κατηγόρεις.
861 3347 942 3397 haec:
969 3363 1071 3397 sermo
1089 3354 1169 3399 tuus
1186 3356 1342 3400 versatur

330 3419 370 3466 De
393 3433 514 3482 symmor.
539 3433 563 3482 p.
581 3415 639 3466 186.
657 3417 691 3465 B:
721 3411 811 3478 ἁθρόα
863 3416 955 3465 circe
989 3415 1082 3465 cibos
1116 3422 1150 3466 et
1181 3424 1288 3483 potus
1314 3423 1342 3467 ct

331 3483 408 3535 πολλὰ
420 3484 553 3549 λαμβάνει.
569 3482 713 3549 Xenoph.
726 3482 810 3532 Aneb.
862 3483 1021 3546 medicos,
1038 3483 1112 3534 deiru
1123 3483 1196 3534 Reae
1206 3486 1282 3537 droht
1294 3484 1342 3536 αἰλ

330 3555 362 3616 V,
379 3552 404 3617 2,
422 3552 452 3602 l:
471 3552 499 3601 σί
517 3551 547 3602 δὲ
563 3550 654 3615 Κόλχοι
672 3579 704 3588 -
722 3552 810 3600 πολλοὶ
862 3568 906 3601 om
931 3548 1039 3616 Speiseo
1060 3551 1115 3601 uod
1139 3549 1273 3604 θιετᾶιιλι
1289 3559 1341 3614 etc,

330 3613 398 3690 ἦσαν
420 3617 526 3683 ἁθρόοι.
552 3636 576 3668 v.
595 3621 761 3670 Schaefer.
778 3620 811 3668 ed
862 3620 921 3669 h.e.
935 3621 1084 3683 pertinet
1099 3620 1138 3669 ad
1152 3625 1201 3671 etc.
1220 3623 1341 3673 Homer.

330 3690 497 3740 Demosthen.
519 3688 641 3753 Apparet.
667 3689 698 3738 T.
716 3689 763 3737 ΙΙΙ.
786 3704 810 3753 p.
863 3688 959 3752 Hymn.
976 3689 1004 3736 in
1022 3688 1087 3736 Pan.
1104 3703 1129 3737 τ.
1148 3687 1177 3738 1:
1207 3685 1290 3753 Ἀμφί
1303 3707 1340 3750 μοι

329 3757 388 3810 246.
405 3762 458 3806 not.
862 3751 984 3818 Ἑρμείαο
1019 3757 1100 3817 φιλον
1132 3753 1219 3821 μόνον
1246 3759 1340 3813 ἔννεπε,

365 3826 394 3875 G.
430 3821 445 3890 ἢ
476 3827 513 3888 τῷ
546 3821 604 3882 μὲν
632 3819 744 3887 ἄρχειν
768 3821 809 3889 -]
864 3823 968 3872 Μοῦσα.
992 3822 1209 3888 Ibid.Hyrnn.in
1228 3827 1340 3876 Dioscur.

331 3894 441 3944 Dotivus
469 3895 503 3958 τῷ
529 3884 630 3954 ἄρχειν,
658 3907 695 3940 eo
726 3892 811 3954 quod
862 3907 887 3941 τ.
906 3889 934 3940 l:
953 3886 1032 3953 Ἀμφὶ
1052 3889 1240 3955 Διοσκούρους
1258 3889 1339 3944 unai-

330 3963 445 4026 prince
452 3975 468 4024 p
478 3976 493 4011 s
503 3964 565 4019 est,
576 3973 694 4008 caussam
704 3959 810 4021 indicat,
863 3957 937 4011 πιδεο
954 3959 1044 4008 ἔσπετε
1059 3960 1173 4010 Μοῦσαι.
1187 3961 1256 4013 Pras
1265 3962 1340 4013 Phae·

331 4046 380 4080 usu
408 4030 472 4078 satis
498 4027 635 4090 frequenti.
666 4043 691 4076 v.
715 4028 811 4078 Phaed.
863 4027 922 4080 don.
946 4043 970 4091 p.
994 4025 1051 4078 109.
1074 4028 1109 4077 B:
1144 4033 1197 4078 τῶν
1227 4029 1287 4092 περί
1315 4023 1339 4077 τί

330 4096 371 4148 60.
388 4098 418 4147 Β.
441 4096 503 4145 erit.
521 4092 563 4145 51.
581 4096 613 4144 D.
863 4100 965 4145 τοιαῦτα
988 4090 1128 4145 εἰωθότων
1145 4094 1239 4162 λέγειν.
1265 4096 1339 4163 Logg.

365 4162 498 4215 πάντων
547 4159 721 4225 ἐλάχιστον
768 4167 811 4229 τῴ
863 4163 907 4212 VI.
932 4179 957 4227 p.
979 4160 1036 4214 768.
1059 4162 1094 4212 C:
1121 4164 1183 4227 περί
1207 4165 1257 4225 μέν
1276 4163 1339 4217 δίκα·

332 4230 506 4296 βελτίστῳ]
525 4229 610 4279 Intell.
628 4229 725 4280 ἑκτέον.
864 4229 1079 4296 στήριαείρηκεν.
1102 4231 1250 4319 Xenoph.
1268 4234 1338 4284 Mem·

369 4299 450 4363 Περὶ
488 4301 573 4348 σιτία
604 4296 724 4365 λέγεις]
760 4299 810 4348 Νο-
863 4299 888 4359 Ι,
906 4297 929 4351 1.
948 4303 1024 4348 exin:
1051 4293 1151 4362 ιίσεβίε
1175 4297 1261 4352 oviis
1283 4298 1338 4364 περί

332 4365 459 4416 tanduest
473 4368 537 4416 haec
554 4366 625 4415 verbi
645 4368 810 4427 constructio,
863 4364 924 4416 τοὺς
952 4361 1036 4418 θεοὺς
1063 4362 1116 4416 οὔτ’
1144 4365 1255 4419 εἰπόντα
1285 4364 1338 4419 οὗτε

332 4447 381 4481 nec
416 4449 477 4483 vero
514 4447 573 4482 cum
603 4433 811 4499 Hirschigic‚
863 4433 1337 4496 npdgavruubinsscrnemun.
