3242 5259
330 596 391 656 256
750 596 949 660 Puauoms

277 765 306 830 Β
329 761 553 842 μνημονεύεις,
584 761 633 825 ὅτι
661 755 735 825 εἷεν
747 761 950 842 παρασκευαὶ
969 762 1003 825 αἱ
1022 758 1080 844 μὲν
1100 761 1193 846 μέχρι
1214 764 1339 848 siderate.

329 860 409 921 αὐτὸ
438 868 534 922 τοῦτο
562 859 666 940 μόνον
692 862 1013 940 παρασκευάζουσαι,
1043 861 1225 942 ἀγνοοῦσαι
1256 863 1289 928 δὲ
1307 867 1340 928 τὸ

329 952 454 1035 βέλτιον
474 955 584 1020 καὶτὸ
605 962 726 1038 χεῖρον,
756 958 790 1021 αἱ
809 957 844 1022 δὲ
863 955 1104 1040 γιγνώσκουσαι
1126 954 1145 1023 δ’
1165 983 1198 1023 τι
1217 983 1252 1024 τε
1272 963 1342 1043 ιίγο-

328 1053 393 1117 9δν
412 1051 466 1117 καὶ
487 1053 505 1117 ὅ
525 1076 556 1116 τι
574 1057 692 1118 κανόν’
722 1054 775 1118 καὶ
803 1053 916 1138 ἐτίθην
936 1062 1001 1122 τῶν
1022 1056 1080 1140 μιν
1100 1055 1172 1139 περι
1197 1057 1256 1132 τὰς
1274 1059 1342 1140 ἡδο

327 1150 387 1225 νὰς
414 1149 475 1234 τὴν
495 1151 683 1233 μαγειρικὴν
704 1154 797 1233 [κατὰ
819 1155 855 1217 νδ
876 1157 979 1237 σῶμα]
1001 1153 1185 1238 ἐμπειρίαν,
1219 1149 1288 1219 ἀλλ’·
1305 1158 1342 1220 οὐ

327 1245 457 1330 τέχνην,
485 1253 549 1313 τῶν
578 1249 612 1312 δὲ
639 1250 711 1330 περὶ
740 1253 776 1314 νδ
806 1252 936 1332 οίγοιδδν
965 1250 1026 1334 τὴν
1054 1251 1204 1336 ἰατρικὴν
1225 1250 1342 1336 τέχνην.

327 1346 381 1410 καὶ
408 1347 489 1425 πρὸς
520 1348 647 1427 φιλίου,
676 1339 702 1411 ὦ
724 1349 929 1427 Καλλίκλεις,
958 1351 1035 1431 μήτε
1063 1351 1161 1425 αὐτὸς
1184 1351 1260 1414 οἴου
1279 1351 1342 1415 δεῖν

327 1445 408 1527 πρὸς
428 1442 481 1526 ἐμὲ
501 1444 634 1523 παίζειν,
656 1442 728 1529 μηδ’
748 1445 766 1509 ὅ
788 1469 818 1510 τι
839 1446 881 1509 ἂν
900 1448 996 1529 τύχῃς
1015 1447 1104 1529 παρὰ
1123 1447 1164 1511 τὰ
1186 1449 1342 1514 δοκοῦντα

279 1543 508 1622 Οάποιιρίνου
537 1543 606 1624 μήτ’
637 1537 678 1605 αὖ
705 1545 744 1607 τὰ
774 1539 845 1625 παρ’
875 1543 955 1625 ἐμοῦ
984 1544 1086 1619 οὕτως
1117 1544 1284 1630 ἀποδέχου
1304 1548 1342 1622 ὡς

327 1642 505 1718 παίζοντος.
524 1639 602 1721 ὁρᾷς
614 1641 687 1722 γὰρ,
710 1636 758 1704 ὅτι
772 1639 845 1721 περὶ
858 1644 978 1706 τούτου
993 1640 1073 1705 εἰσιν
1092 1642 1172 1724 ἡμῖν
1194 1644 1228 1708 οί
1245 1646 1341 1726 λόγοι,

328 1729 369 1802 οὗ
395 1739 425 1800 τί
445 1737 486 1802 dcv
506 1743 628 1819 μᾶλλον
649 1736 838 1802 σπουδοίσειὲ
859 1761 906 1813 τις
927 1738 980 1802 καὶ
1001 1739 1138 1820 σμικρδν
1157 1751 1245 1804 νοῦν
1266 1740 1340 1824 ἔχων

378 1890 407 1938 P.
425 1885 483 1940 500.
518 1890 547 1938 B.
583 1887 681 1970 μέχρι
700 1886 836 1955 ηδονῆι]
860 1888 904 1938 8ἰο
922 1904 982 1939 eum
999 1889 1088 1940 Clark.
1107 1895 1133 1940 et
1149 1888 1213 1942 vat.
1229 1875 1340 1958 plerique

249 1996 256 2001 .
328 1973 424 2007 omnes.
451 1956 545 2073 &Vulgo
563 1955 649 2020 μέχρις
666 1953 706 2022 ἠδ.
724 1973 749 2009 v.
767 1957 800 2006 ad
818 1957 906 2021 Symp.
925 1972 945 2006 ο.
962 1955 1004 2008 29.

379 2027 431 2074 καί
451 2022 588 2089 ι’τιιιην]
607 2025 681 2074 Haec
699 2032 737 2074 est
755 2024 981 2088 seripturaClerk
1000 2025 1058 2078 Vat
1077 2024 1155 2076 Vind.
1175 2024 1200 2077 1.
1217 2025 1239 2078 6ι
1266 2026 1339 2077 Coisl.
1386 2041 1387 2044 ’

327 2109 397 2158 apr.
415 2109 449 2142 m.
472 2094 530 2142 Par.
548 2093 618 2142 FW.
636 2109 651 2142 a
669 2107 719 2142 sec.
737 2109 770 2141 m.
788 2092 862 2142 Bodl.
893 2092 980 2158 Vulgo
998 2100 1054 2143 erat
1071 2091 1194 2143 ἐτίθουν.
1212 2095 1339 2145 Flents.

326 2162 385 2211 Per
403 2162 434 2213 Ε,
453 2166 479 2209 et
495 2177 511 2209 a
528 2176 565 2224 pr.
583 2176 616 2209 m.
639 2161 697 2209 Par.
715 2160 786 2210 FW.
803 2158 911 2209 ἐιίθειν.
946 2161 1016 2210 Dein
1037 2160 1119 2210 verba
1140 2158 1253 2212 κατὰτὸ
1273 2168 1338 2224 σῶμα

327 2246 376 2280 om
395 2229 481 2278 Clark.
500 2228 559 2278 Vat.
577 2229 643 2278 Ven.
660 2228 691 2278 Σ.
714 2227 792 2277 Vind.
809 2226 834 2280 2.
851 2227 925 2278 Βοιιι.
943 2229 1011 2293 Aug
1029 2228 1102 2279 Stob.
1117 2236 1196 2280 recte.
1224 2231 1339 2281 Fluxisse

326 2296 447 2347 videntur
469 2311 502 2345 ex
528 2297 616 2360 inepto
639 2296 802 2360 glossemate
835 2295 922 2345 Eiecit
938 2296 1016 2346 etiam
1033 2297 1178 2347 Hermann.
1206 2299 1337 2382 Hissingin

327 2364 482 2416 Animadvv.
501 2365 568 2412 critt.
586 2379 611 2428 p.
625 2361 666 2416 47.
684 2364 753 2413 facte
770 2365 985 2448 transpositione
987 2364 1154 2414 scribendum
1172 2371 1277 2417 censet:
1294 2371 1337 2416 τῶι

326 2433 375 2492 μὲν
398 2432 459 2495 περὶ
485 2427 528 2483 τὰς
552 2428 651 2496 ἡδονὰς
675 2429 719 2483 τοις
743 2430 806 2480 κατὰ
824 2430 851 2480 ιιι
871 2436 944 2491 αωμα
961 2431 1008 2497 τὴν
1024 2429 1180 2498 μαγειρικὴν
1197 2431 1336 2496 ἐμπειρίαι.

326 2501 376 2551 Sed
399 2501 443 2550 vel
467 2500 505 2548 sic
522 2500 628 2549 moleste
646 2499 773 2549 redundat
789 2498 860 2550 istud
877 2499 1088 2551 additamentum.
1122 2501 1159 2550 Et
1177 2517 1222 2551 cur
1240 2503 1336 2552 tandem

325 2569 404 2618 hac'
397 2586 425 2618 ιιι
448 2583 542 2618 caussa
564 2567 696 2618 codicibus
719 2567 795 2618 fidem
817 2567 990 2632 negabimus?
1019 2569 1184 2620 Praeterea
1175 2584 1205 2619 ιιι
1223 2570 1299 2620 Vind
1317 2567 1334 2620 ι.

359 2721 389 2768 Β.
422 2720 632 2802 παρασκευαί
656 2718 806 2778 αίμὲνμ.
861 2721 947 2778 φιλίαι
972 2713 1167 2802 φέριιιιντόν,
1193 2719 1333 2778 fucaldus,

327 2783 387 2853 ἡδ]
412 2786 514 2839 Schol.:
533 2782 564 2835 od
582 2785 678 2869 τέχνας,
696 2783 745 2836 οὐκ
764 2785 807 2846 ἐμ·
859 2803 897 2835 οτι
911 2783 977 2839 deos
995 2782 1099 2836 ἐστιν
1084 2803 1099 2834 ο
1118 2792 1164 2853 τῆς
1183 2791 1271 2851 φιλίας
1288 2789 1334 2839 ίπι·

327 2847 525 2935 πιιριιιεεῖπεν,
537 2849 639 2902 ἀλλὰ
614 2851 806 2914 τομὲοονιοιί-
861 2852 959 2919 ordene,
977 2853 1012 2920 μὴ
1029 2850 1106 2904 πάλιν
1123 2857 1213 2922 παίξῃ.
1234 2874 1261 2909 v.
1276 2859 1336 2908 infre

327 2939 390 2981 των,
413 2917 457 2972 τὰς
476 2918 651 2983 παρασκευάς,
671 2919 757 2985 ὥςπερ
777 2920 808 2971 ἑν
858 2923 933 2988 adp.
949 2920 1008 2973 519.
1025 2923 1057 2972 E.

328 2995 382 3040 τοῖο
408 2985 532 3050 πρόσθεν
553 2985 599 3040 eds
621 2986 807 3054 ἐπιτηδεύσεις.

328 3053 415 3105 Verba
432 3051 612 3121 μεχριηδονηε
627 3071 661 3105 ne
679 3072 736 3119 quis
753 3073 807 3120 per
892 3053 957 3123 μήτ’
993 3048 1034 3108 αὖ
1068 3053 1102 3107 τὰ
1139 3056 1214 3122 παρ’
1245 3058 1332 3123 ἐμοῦ]

327 3140 414 3204 peram
437 3125 561 3188 accipiet,
587 3130 690 3173 cautum
713 3129 752 3174 est
775 3125 806 3174 eb
857 3127 936 3175 Recte
963 3126 1204 3176 Buttmannus.
1239 3143 1334 3193 neque

327 3209 383 3274 1pso
395 3193 513 3253 Platone
531 3207 577 3274 qur
589 3192 712 3241 adreeent
728 3192 810 3242 haec
857 3199 893 3242 tu
915 3194 987 3273 ipse
1010 3193 1137 3273 incarn,
1166 3211 1278 3260 neque
1298 3196 1334 3244 ri-

327 3256 403 3309 αντδ
421 3264 517 3310 τοῦτο
532 3257 635 3320 μόνον
650 3276 730 3322 παρ,
748 3261 774 3309 h
784 3275 808 3310 e
858 3263 973 3311 cissim
987 3276 1032 3310 me
1049 3261 1157 3311 iocari
1175 3264 1333 3314 existima

327 3345 409 3392 quae
444 3329 506 3378 hoc
540 3328 643 3392 ipsum
678 3333 806 3377 tantum
857 3329 928 3379 Male
949 3329 1030 3414 igitur
1053 3328 1260 3394 Stephanus:
1285 3327 1333 3397 μήτ’

326 3397 508 3446 efficerent
533 3411 640 3460 neque
665 3396 806 3460 amplius
857 3392 923 3446 αὐτὰ
941 3413 992 3460 παρ
994 3393 1094 3456 ’duod

326 3464 405 3529 quid
423 3470 625 3544 spectarent.
651 3464 741 3526 Itaque
753 3479 806 3512 ma

324 3533 448 3583 nitestum
472 3537 511 3583 est
528 3548 626 3591 μονον
651 3531 720 3595 quod
737 3531 806 3595 apud
892 3532 920 3581 G
957 3521 995 3580 οὖ
1025 3533 1057 3581 ιί
1077 3527 1118 3580 ἂν
1141 3534 1270 3592 μᾶλλον
1292 3549 1334 3582 os.

325 3600 466 3651 Stobaeum
491 3599 662 3661 desideratur,
688 3615 733 3663 per
749 3615 806 3649 sen·
857 3626 891 3636 —
916 3595 932 3665 ἦ
957 3603 1051 3648 τοῦτο
1073 3596 1127 3665 -]
1164 3601 1236 3651 Nota
1264 3601 1334 3652 hodie
1359 3620 1361 3624 ·

324 3670 422 3718 tentiae
461 3668 588 3717 rationem
627 3667 719 3716 abesse
753 3683 805 3716 non
857 3666 922 3716 satis
949 3671 989 3715 est
1015 3666 1081 3716 haec
1110 3665 1239 3732 loquendi
1267 3671 1334 3729 retio,

324 3751 409 3800 posse.
443 3737 510 3785 Nam
537 3731 616 3784 αὐτὸ
639 3751 744 3795 μονον
767 3741 806 3784 est
857 3749 909 3799 qua
925 3735 1060 3798 utriusque
1076 3734 1185 3816 lingpae
1202 3737 1335 3802 scriptores

324 3803 356 3853 id
382 3803 501 3864 solum,
531 3803 568 3851 ita
593 3810 622 3851 ut
645 3802 729 3862 μόνον
752 3803 805 3851 vim
857 3802 926 3851 haud
938 3817 997 3851 raro
1010 3807 1069 3867 post
1079 3804 1228 3869 genitivum
1244 3821 1259 3856 e
1276 3820 1335 3854 com-

325 3873 432 3932 habeet‚
456 3885 596 3935 pronomen
615 3874 700 3919 autern
719 3876 806 3920 careat
856 3869 973 3934 paratino
986 3869 1140 3933 pendentem
1150 3871 1270 3923 inferunt
1284 3887 1336 3938 pst·

325 3939 446 4004 pondere.
480 3939 570 4000 ltaque
601 3933 680 3985 αὐτὸ
711 3943 805 3986 τοῦτο
856 3937 963 3987 ticulam
982 3938 1189 4002 comparativam
1206 3956 1268 3991 cum
1284 3941 1334 3990 eins

325 4006 493 4066 μόνονοιι.
511 4005 662 4069 idipsum
680 4009 806 4054 tantum
856 4007 894 4054 rei
917 4007 1175 4069 commemoratione,
1200 4009 1336 4073 quacient

324 4075 576 4138 nihilquepraet
582 4089 663 4122 crea
679 4073 806 4137 Exempla
856 4089 902 4137 per
935 4088 1076 4137 pronomen
1110 4073 1262 4139 significata
1294 4080 1335 4126 est-

325 4142 471 4206 suppeditet
510 4148 611 4206 praeter
647 4141 806 4190 Heindor-
856 4141 984 4204 Exempla
1005 4140 1071 4190 colle
1090 4147 1169 4191 erunt
1185 4143 1286 4208 Toup.
1307 4141 1336 4192 ad

326 4209 404 4258 tium
429 4209 512 4258 adh.
535 4209 552 4258 ι.
577 4209 749 4258 Schaefer.
773 4209 806 4258 ad
856 4209 969 4272 Longin.
997 4223 1022 4272 p.
1089 4207 1111 4259 1.
1151 4209 1336 4261 Markland.

325 4276 417 4326 Lamb.
434 4279 494 4329 Bos
493 4292 536 4358 p.
554 4274 611 4326 308
857 4275 890 4325 ad
918 4276 1026 4341 Lysiam
1052 4291 1079 4340 p.
1103 4270 1164 4331 370.
1191 4277 1334 4329 Eritanlt

360 4345 412 4392 και
438 4340 522 4406 πρὸς
547 4344 675 4427 φιλιοι]
704 4344 807 4407 Olym·
857 4345 974 4406 Quaestt.
991 4344 1157 4410 Lueiannp
1157 4343 1218 4397 89.
1247 4346 1336 4397 Hein-

326 4411 499 4476 piodorus.
517 4408 610 4461 ίιπι
586 4431 631 4460 τοι
643 4413 745 4475 ἔφοροι
763 4417 806 4475 την
857 4411 937 4461 dors.
959 4410 1035 4464 adh.
1052 4361 1208 4465 tuatth.
1227 4414 1271 4465 Gr.
1288 4429 1337 4465 em·
