3242 5259
531 625 769 684 concissa
793 632 863 686 453.
886 629 931 687 3(1.
955 630 998 688 33
1216 637 1272 691 101

254 783 319 868 ἐγὼ
339 783 402 869 τὴν
429 787 494 850 οέπὸ
515 796 571 869 τῆς
598 788 767 872 ῥητορικῆς
795 791 968 865 πειθώ,”
949 814 1016 909 τγτις
1037 793 1108 856 ποτ
1130 792 1216 858 ἐστὶν
1235 796 1277 877 ἣν

253 883 295 946 σὺ
324 881 426 966 λέγεις
460 884 513 948 καὶ
543 884 615 967 περὶ
652 873 797 949 ὧντινων
832 891 1029 1011 πραγμάτων
1060 886 1124 952 ἐστὶ
1161 894 1275 970 πειθώ,

252 985 368 1062 σαφῶς
388 979 447 1062 μὲν
468 976 504 1044 εὖ
525 973 631 1044 ἴσθ’”
612 1003 661 1044 οτι
682 985 742 1047 ούκ
764 979 848 1062 οἶδα,
870 988 910 1049 ού
930 985 995 1067 μὴν
1016 987 1124 1049 ἄλλ’
1104 991 1276 1053 νποπτεύω

250 1101 287 1161 γε
309 1080 352 1160 ἣν
375 1072 465 1160 οἶμαί
486 1095 520 1142 σε
540 1078 644 1160 λέγειν
664 1081 718 1143 καὶ
738 1081 810 1163 περὶ
838 1071 899 1146 ὧν·
933 1081 1028 1148 οὐδὲν
1049 1083 1159 1166 με’ντοι
1178 1076 1276 1168 ἧττον

251 1175 410 1259 ἐρήσομαί
430 1191 481 1251 σε,
509 1178 582 1240 τίνα
611 1176 687 1240 ποτὲ
716 1177 816 1259 λε’γεις
842 1178 902 1262 τὴν
923 1181 1025 1244 πειθὼ
1046 1178 1105 1263 τὴν
1134 1183 1198 1246 α’πὸ
1218 1193 1275 1266 τῆς

250 1274 424 1356 ῥητορικῆς
451 1275 504 1338 καὶ
533 1275 605 1355 περὶ
633 1275 731 1338 τίνων
761 1276 865 1358 αὐτὴν
892 1272 983 1340 εἶναι.
1013 1288 1072 1341 τοῦ
1093 1275 1154 1343 ούν
1183 1281 1276 1345 ἕνεκα
1300 1287 1328 1353 Ο

250 1372 290 1454 δὴ
314 1372 414 1446 αύτὸς
434 1372 626 1462 ύτιοπτεύων
648 1388 682 1435 σε
704 1372 867 1456 ἐρήσομαι,
888 1367 955 1437 ἀλλ’
978 1376 1038 1438 οὐκ
1060 1379 1156 1453 αὐτὸς
1176 1377 1273 1461 λε’γως

250 1471 291 1534 οὐ
313 1479 376 1534 σοῦ
396 1466 500 1546 ἕνεκα,
522 1469 602 1533 ἀλλὰ
622 1481 681 1534 τοῦ
701 1472 811 1553 λόγον,
835 1473 889 1535 ἵνα
911 1471 996 1535 οὕτω
1015 1475 1129 1557 προΐῃ,
1153 1477 1195 1550 ὡς
1216 1478 1273 1558 μνέ-

249 1559 328 1630 λιστ’
351 1566 394 1629 ἂν
413 1567 492 1649 ἡμῖν
512 1566 694 1647 καταφανὲς
714 1574 806 1632 ποιοῖ
824 1568 895 1649 περὶ
916 1568 994 1632 ὅτου
1009 1567 1141 1653 λέγεται.
1162 1575 1274 1638 σκόπει

248 1666 331 1747 γάρ,
366 1665 397 1727 εἴ
422 1680 473 1729 σοι
503 1666 589 1730 δοκῶ
616 1666 746 1741 δικαίως
775 1667 941 1748 ἀνερωτᾶν
969 1685 1012 1731 σε.
1045 1667 1148 1750 ὥςπερ
1175 1671 1216 1735 ἂν
1247 1674 1274 1736 εἰ

248 1762 430 1859 ἐτύγχανόν
450 1777 484 1825 σε
506 1761 650 1843 ἐρωτῶν,
679 1764 726 1838 τίς
755 1761 821 1827 ἐστι
851 1769 916 1828 τῶν
946 1768 1125 1848 ζωγράφων
1148 1769 1268 1848 Ζεῦξις,

302 1961 351 2030 Ἐγ
359 1960 380 2012 ὠ
404 1961 470 2028 ἐρω
495 1961 569 2029 νῦν]
600 1964 696 2013 Deerat
722 1964 802 2029 vulgo
827 1961 893 2030 Ἐγ
872 1983 904 2023 ω,
935 1965 1004 2029 quod
1029 1973 1163 2032 praestant
1185 1968 1274 2019 Clark

250 2032 333 2083 Coisl.
336 1982 416 2081 yPar.
438 2030 586 2082 BCFIW.
609 2031 687 2080 Vind.
705 2031 728 2082 1.
746 2031 770 2082 2
787 2031 811 2082 6
835 1984 905 2082 Flor.
928 2049 997 2083 ac.
1021 2034 1044 2084 d.
1068 2036 1086 2086 3.
1109 2053 1143 2086 111.
1166 2053 1189 2086 ο
1207 2053 1229 2087 3
1246 2054 1273 2087 x

250 2117 311 2150 cum
329 2099 369 2149 ed.
387 2101 447 2149 Bas.
464 2096 489 2149 2.
523 2099 642 2149 Alterum
661 2096 712 2165 ἐγω
730 2099 825 2150 deest
817 2116 845 2148 1n
863 2102 921 2151 Par.
938 2102 958 2149 I.

303 2168 333 2218 0.
369 2166 563 2229 καταφανὲς
588 2167 692 2233 ποιοῖ]
716 2167 1101 2233 ποιῇΒ33.2.3111111Ῑκ3.Λ.
1126 2171 1191 2220 Ven.
1211 2169 1271 2220 ΞΣ

249 2235 332 2285 Vind.
349 2235 374 2286 2.
393 2233 416 2286 6.
439 2234 507 2284 Flor.
526 2235 550 2284 d.
574 2236 642 2300 Aug.
660 2189 776 2285 Μ331111.η
784 2236 859 2286 Βο(11.
876 2236 990 2286 Ronthii.
1024 2238 1118 2288 Paullo
1142 2244 1203 2288 ante
1221 2231 1273 2288 ούν

248 2310 312 2369 post
330 2308 376 2352 τοῦ
393 2319 443 2353 om.
462 2302 541 2353 Coisl.
559 2302 636 2352 Vind.
655 2301 678 2352 1.
697 2301 721 2354 6.
743 2304 802 2354 Par.
820 2305 918 2355 EFW.
942 2305 1013 2354 Flor.
1030 2307 1047 2353 f.
1066 2321 1087 2356 s.

244 2472 465 2538 perspicuum
493 2470 604 2520 facere
628 2472 738 2534 possit

244 2538 353 2599 illud,
389 2538 427 2588 de
456 2554 517 2602 quo
546 2554 651 2588 sermo
679 2545 735 2589 est.

246 2603 548 2671 331111311111207
568 2607 599 2656 Β.
626 2606 735 2658 Phaedr.

246 2624 311 2727 llio.
329 2674 358 2722 Β.
377 2671 435 2724 231
453 2675 485 2723 A.
503 2671 561 2724 262.
579 2675 612 2724 D.

287 2738 683 2825 dsaspdvechrdyx-
706 2743 740 2791 εἴ

247 2827 307 2872 μοι
324 2802 424 2860 εἶπες
437 2807 479 2875 -]
497 2809 594 2859 Eadem
612 2809 736 2859 orationis

247 2879 336 2929 forma
366 2877 474 2927 Theaet
505 2893 537 2960 p.
563 2874 620 2927 147.
643 2878 682 2926 A:
711 2879 740 2926 εἴ

248 2963 288 2998 τις
306 2941 373 3010 ἡμᾶς
392 2949 443 2993 τῶν
456 2941 565 3008 φαύλων
583 2963 603 2994 τι
617 2945 658 2994 καὶ
672 2962 735 3008 προ-

247 3016 351 3079 χείρων
369 3013 522 3097 ἕροιτο,-
539 3008 596 3060 οῖ’
581 3015 736 3076 αποκριναί-

246 3082 321 3165 petra
346 3075 474 3147 αύτῳ-
478 3076 561 3139 ,οὐκ
584 3077 619 3130 ἂν
642 3081 736 3147 γελοῖοι

246 3142 341 3210 alpem
359 3149 464 3198 Μ311011.
482 3163 507 3212 p.
521 3145 606 3198 74.1Β
625 3149 736 3200 altason

247 3214 391 3281 α’νέροιτο,
414 3218 440 3265 τί
456 3214 509 3265 ἐστι
528 3221 622 3298 σχῆμα,
642 3208 662 3265 ὦ
681 3213 736 3264 Μέ-

249 3302 322 3345 ν;ων
342 3283 373 3334 εἰ
387 3280 458 3350 αὐτῷ
476 3276 563 3341 εἶπες,
586 3281 624 3332 ὅτι
644 3299 736 3347 στρογ-

244 3347 369 3418 yvto‘tps,
394 3351 423 3401 εἴ
439 3366 478 3401 σοι
495 3344 572 3400 εἶπεν
589 3349 656 3412 ἅπερ
676 3349 737 3435 ἐγώ

246 3447 284 3458 -
307 3413 383 3472 alnes
406 3415 532 3484 δήπου
515 3437 564 3479 αν,
593 3416 631 3468 ὅτι
657 3415 737 3484 σχῆμά

245 3488 328 3537 ἐστιν.
361 3488 494 3569 Protagor.
518 3502 543 3551 p.
566 3484 624 3537 311.
647 3487 677 3535 Β.
701 3486 736 3536 G:

245 3554 276 3605 el
293 3553 324 3606 δὲ
341 3551 414 3618 παρὰ
429 3551 603 3604 Πολύκλειτον
620 3551 737 3606 ἐπενόεις

247 3619 414 3685 ἀφικόμενος
432 3618 566 3710 γισθόν’
550 3621 618 3704 νπὲρ
639 3627 737 3671 σαυτοῦ

248 3692 386 3741 τελεῖν-
387 3691 442 3748 ,et
457 3692 495 3742 ris
514 3704 543 3739 σε
561 3685 686 3755 ἤρετο-
687 3709 736 3748 ,u

247 3756 285 3808 ἄν
302 3756 455 3822 ἅπεκριᾚνω
481 3758 561 3823 Legg.
584 3774 609 3823 p.
627 3756 685 3808 662.
703 3759 737 3807 D.

248 3826 286 3877 al.
332 3825 435 3876 Deinde
458 3825 603 3875 molestiam
631 3827 738 3875 facessit

247 3893 319 3943 istnd
332 3893 376 3943 nal
389 3898 457 3954 τιοῦ;
475 3893 544 3956 quod
554 3898 640 3943 tamen
659 3894 736 3943 etiam

246 3961 383 4012 scholiast.
422 3960 518 4011 codicis
547 3960 635 4010 Clark.
665 3962 737 4026 legit,

246 4031 297 4094 qui
313 4029 454 4094 adscripsit
471 4028 551 4078 haec:
578 4027 608 4077 ἐν
634 4033 663 4094 τῇ
681 4046 736 4077 ποι-

246 4099 307 4162 arip
333 4101 403 4164 στοᾷ.
443 4096 511 4146 Nam
534 4095 661 4158 deloco,
691 4097 737 4146 ubi

167 4164 170 4168 ’
250 4167 350 4215 Zeuxis
367 4166 496 4230 pingeret,
515 4165 630 4229 profecto
649 4164 738 4228 quaeri

249 4247 323 4283 nune
343 4249 396 4283 non
413 4232 504 4297 potuit.
533 4232 624 4296 Itaque
641 4232 737 4281 Hein-

247 4301 332 4351 dorf.
350 4297 437 4350 πόσον
455 4299 595 4366 legendum
618 4300 737 4362 coniecit,

250 4337 738 4489 3333333333133

790 2486 840 2520 σου
859 2469 988 2532 διδάσκει;
1014 2472 1064 2522 Sed
1081 2489 1130 2523 nee
1147 2473 1198 2524 hoc
1216 2490 1273 2524 eum

789 2541 1014 2618 argumentatione
1037 2541 1163 2605 congruit.
1204 2541 1273 2604 Quid

788 2609 858 2655 enim
882 2607 915 2657 ad
937 2624 993 2657 rem
1015 2610 1134 2671 interest,
1164 2614 1194 2657 ut
1215 2611 1273 2674 quis

787 2691 833 2739 pre
835 2676 900 2723 tium
923 2677 1002 2738 sciat,
1025 2677 1094 2739 quod
1112 2678 1209 2726 Zeuxis
1225 2694 1272 2743 pro

787 2742 885 2791 tabulis
918 2759 934 2791 a
963 2758 991 2792 se
1022 2745 1100 2808 pictis
1138 2747 1272 2826 exegerit?

788 2810 918 2871 Quocirca
953 2811 1031 2860 aliam
1060 2813 1185 2863 rationem
1214 2813 1274 2862 iniit

788 2878 923 2940 Corace,
947 2879 993 2943 qui
1009 2880 1046 2928 ita
1063 2879 1169 2930 scribit:
1192 2873 1272 2941 οἶμαι,

787 2946 886 3010 inquit,
909 2944 1062 3011 γεγράφθαι
1088 2945 1165 2997 πύλαι
1192 2947 1271 3006 ΤΟΥ,

788 3013 902 3062 τουτέστι
921 3017 991 3066 τίνος
1010 3012 1069 3066 vr‘o's
1096 3015 1166 3064 ἐστιν
1187 3012 1202 3063 ὁ
1222 3018 1272 3080 ζω-

787 3078 892 3147 γράφος
912 3081 1006 3144 Ζεῦξις
1013 3099 1023 3142 ;
1058 3082 1108 3132 Sed
1125 3085 1208 3133 fateor
1224 3099 1273 3133 nec

787 3150 838 3198 hoc
856 3148 982 3198 desiderio
999 3151 1161 3212 satisfacere,
1184 3157 1273 3216 utpote

788 3217 971 3280 disputationis
994 3219 1106 3269 consilio
1128 3222 1214 3268 minus
1233 3235 1273 3268 ac·

788 3283 985 3334 commodatum.
1020 3287 1076 3336 Nec
1093 3303 1154 3335 vero
1172 3286 1213 3335 illi
1230 3303 1274 3336 ex-

787 3353 861 3417 plent
877 3353 1000 3414 animum,
1018 3356 1062 3417 qui
1075 3357 1128 3401 ποῦ
1140 3359 1272 3418 utcunque

788 3420 924 3469 defendere
948 3421 1034 3469 conati
1056 3424 1125 3470 sunt.
1160 3421 1226 3469 Nam
1244 3427 1274 3469 ut

787 3489 921 3537 mittamus
949 3503 1004 3546 eoa,
1036 3489 1080 3552 qui
1109 3489 1188 3537 verba
1219 3503 1273 3536 non

787 3556 866 3605 nimia
896 3555 1035 3620 premenda
1063 3571 1119 3605 esse
1142 3554 1194 3604 sibi
1217 3571 1274 3620 per·

788 3629 926 3673 suaserunt
959 3621 1071 3687 ideoque
1099 3641 1151 3672 που
1183 3639 1275 3673 revera

787 3696 912 3756 putarunt
941 3691 1102 3756 significare:
1137 3691 1170 3739 in
1201 3707 1274 3755 quo·

787 3775 860 3808 nam
890 3765 1053 3808 terrarum
1081 3759 1169 3820 loco,
1204 3757 1274 3823 quod

787 3827 902 3892 profecto
919 3825 1045 3876 absonum
1064 3831 1103 3875 est
1120 3841 1152 3876 ac
1169 3841 1202 3874 113
1217 3832 1274 3875 tum

788 3893 893 3959 quidem
904 3895 1096 3944 ratiocinationi
1107 3895 1274 3954 conveniens,

788 3963 811 4012 si
836 3977 896 4011 cum
922 3962 1109 4027 Voegelino
1140 3964 1201 4011 Act.
1228 3961 1275 4010 3ο-

789 4030 874 4079 cietat
895 4029 986 4079 Graec.
1006 4031 1077 4093 Lips.
1089 4028 1148 4078 Vol.
1159 4030 1180 4078 I.
1197 4029 1274 4078 Fasc.

788 4098 822 4146 11.
840 4112 865 4160 p.
883 4093 941 4148 233,
970 4099 1114 4146 statuamus
1136 4096 1187 4145 loci
1204 4111 1275 4145 men-

788 4165 859 4215 tione
877 4178 958 4212 unum
982 4181 1015 4213 ex
1032 4163 1151 4228 pluribus
1170 4160 1273 4228 ζωγρά-

790 4248 850 4294 φοις
868 4231 952 4280 notari
970 4238 996 4280 33
1012 4247 1028 4280 a
1046 4231 1137 4281 ceteris
1153 4230 1274 4281 omnibns

789 4299 915 4360 discerni,
940 4297 1060 4363 displicet
1082 4301 1160 4347 etiam
1184 4299 1275 4348 Astii

788 4366 980 4430 interpretatio,
1004 4366 1048 4430 qni
1071 4365 1152 4416 verba
1175 4366 1276 4417 313311-

788 4434 911 4502 plicavit:
937 4432 1028 4485 welche
1048 4433 1141 4486 2713313
1162 4433 1226 4485 malt
1248 4450 1277 4485 er
