3242 5259
280 567 337 620 136

686 565 881 626 PLATONIS

277 723 433 808 φέοτερον
453 724 594 805 ἐπιδείξω
616 727 634 790 ὃ
655 724 745 809 λέγω.
786 732 894 793 Δυοῖν
923 731 1032 794 ὄντοιν
1057 734 1132 794 τοῖν
1151 733 1294 812 upuppa-

277 846 347 888 τοιν
367 825 427 888 δύο
448 822 528 908 λέγω
548 822 675 908 τέχνας·
705 825 766 909 τὴν
785 825 844 909 μὲν
872 824 924 892 ἐπὶ
949 838 989 910 τῇ
1017 837 1106 911 ψυχῇ
1127 827 1295 912 πολιτικὴν

326 1026 356 1075 Β.
374 1024 515 1077 Δνοῖν”
500 1045 612 1077 οντοιν
637 1034 707 1078 τοῖν
726 1024 949 1109 πραγμάτοιν]
972 1033 1043 1086 τοῖν,

1060 1028 1144 1095 vulgo
1161 1031 1294 1094 omissum,

276 1094 478 1147 semarnntVat.
497 1096 577 1147 Coisl.
593 1096 702 1147 VenfflZ
721 1095 799 1147 Vind.
817 1093 949 1147 1..26.7.
965 1097 1026 1147 Par.
1042 1097 1172 1148 BEFW.
1190 1098 1294 1150 Flona.

277 1162 383 1251 Mearm.
400 1163 474 1214 Bodl.
492 1165 604 1214 Darmst.

328 1294 457 1364 τὴνμὲν
476 1297 529 1348 ἐπὶ
548 1303 582 1364 τῇ
600 1299 691 1364 qt..1V
709 1300 760 1348 nal
787 1296 834 1364 τὴν
851 1299 901 1360 μὲν
919 1243 962 1349 tsi
983 1305 1057 1366 ιῇψ.
1092 1300 1146 1352 Sed
1163 1302 1294 1368 aalprae·

311 1467 372 1532 Gap.
384 1467 455 1517 XIX.
467 1468 497 1517 B.
516 1469 626 1518 Δνοῑν
645 1465 759 1518 ὄντοιν

278 1554 296 1582 ι.
321 1553 364 1599 πρ.
389 1553 411 1584 κ.
435 1554 453 1584 ι.
472 1533 503 1601 λ.]
550 1537 684 1587 Sententia
707 1537 758 1587 loci

279 1602 344 1653 haec
360 1608 413 1653 est:
430 1605 505 1654 Duae
523 1610 590 1667 aunt,
608 1604 700 1669 inquit,
720 1620 760 1654 ar·

276 1679 314 1721 tes
332 1669 428 1735 bonae,
453 1687 518 1736 quae
535 1672 567 1722 ad
585 1674 698 1737 corporis
715 1688 758 1722 va-

278 1738 422 1788 letudinem
446 1742 599 1790 servandam
622 1742 665 1790 vel
687 1741 758 1790 resti-

278 1806 399 1858 tuendam
427 1810 572 1873 pertinent;
601 1808 667 1858 dnae
697 1809 759 1858 item

277 1875 366 1925 valent
389 1875 421 1925 ad
444 1877 559 1926 animum
577 1884 644 1927 recte
667 1875 759 1942 guber-

277 1942 401 1993 nandum.
440 1944 547 2010 Corpori
570 1946 638 1994 enim
662 1945 759 2010 prospi-

278 2013 351 2061 ciunt
367 2028 409 2062 ars
425 2015 638 2077 gymnastica
661 2020 686 2063 et
703 2028 760 2061 me·

278 2079 362 2141 dica;
385 2083 470 2130 animo
492 2088 600 2146 prosunt
621 2080 759 2147 legisla-

278 2149 362 2200 toria
385 2155 411 2198 et
433 2150 580 2199 institia.
621 2150 672 2199 Sed
689 2165 759 2214 repe-

276 2217 378 2267 riuntur
394 2217 472 2267 etiam
486 2224 552 2268 artes
570 2225 692 2282 quattuor
709 2224 760 2266 tur·

276 2302 334 2351 pes,
365 2301 472 2350 quarum
497 2303 596 2336 summa
620 2287 647 2336 in
671 2285 759 2336 adula-

277 2355 347 2405 tione
370 2355 525 2404 continetur.
560 2356 632 2416 Quae
656 2354 760 2419 quidem

278 2430 346 2472 artes
372 2423 522 2473 inhonestae
546 2421 759 2487 quemadmodum

277 2491 396 2557 singulae
414 2507 474 2541 suas
491 2490 588 2540 habent
606 2497 704 2556 partes,
722 2491 759 2539 ita

278 2561 355 2609 etiam
388 2560 504 2610 honestis
534 2561 631 2610 artibus
666 2558 759 2609 callide

279 2628 353 2692 quasi
381 2628 549 2690 insidiantur,
581 2630 674 2692 qnippe
703 2643 759 2676 sese

279 2696 429 2746 simulantes
464 2696 517 2745 illis
549 2697 667 2746 meliores
695 2710 760 2744 esse

279 2764 323 2814 Sic
339 2766 538 2847 gymnasticae
543 2765 570 2812 in
593 2763 678 2814 locum
700 2764 761 2812 sub-

278 2832 344 2897 repit
362 2849 377 2897 η
395 2828 552 2915 κομμωτική;
571 2832 632 2882 artis
644 2829 759 2880 medicae

280 2900 366 2951 locum
384 2906 491 2964 occupat
513 2895 529 2965 ἡ
549 2895 700 2982 όψοποιική;
725 2898 760 2947 le-

278 2967 427 3033 gislatoriae
463 2975 549 3017 autem
577 2963 593 3032 ἡ
625 2968 760 3048 οοιριοτικὴ

280 3051 310 3084 ac
327 3037 441 3085 iustitiae
465 3057 480 3102 η
474 3031 622 3100 ’ῥητορικὴ
646 3035 759 3084 vicariae

279 3119 333 3154 esse
361 3103 460 3154 volunt.
512 3104 566 3154 Iam
601 3119 661 3154 vero
691 3102 759 3167 quod

278 3188 419 3237 coquorum
436 3188 477 3223 ars
495 3173 608 3238 corpori,
633 3172 659 3222 id
676 3172 760 3221 rheto-

279 3242 334 3291 rica
357 3242 444 3291 animo
473 3248 518 3291 eat.
564 3242 631 3291 Nam
659 3241 759 3320 corpori

277 3310 345 3360 male
373 3326 436 3361 sano
464 3325 506 3360 ars
529 3310 641 3371 medica,
673 3309 773 3371 animo*

280 3378 383 3429 turbato
400 3379 501 3429 iustitia
516 3378 636 3429 medetur.
680 3376 760 3427 Fallit

278 3455 364 3498 autem
395 3447 496 3497 deliciis
528 3454 553 3497 ct
583 3444 760 3509 voluptatibus

279 3535 294 3582 η
287 3511 451 3582 ὀψοποιικη
459 3532 559 3580 eorpus
569 3514 696 3564 rhetorica
705 3529 759 3563 am

278 3601 350 3635 mum
378 3585 412 3650 (p
435 3582 603 3635 461..-ss
629 3579 686 3632 466.
709 3581 758 3640 A..)

280 3652 423 3716 Quintil.
442 3654 504 3702 Inst
523 3653 592 3702 Orat.
611 3650 649 3711 ΙΙ,
668 3648 708 3712 15,
726 3647 759 3699 24

279 3737 347 3786 seq:
365 3722 518 3786 plerique
541 3688 665 3779 antoni,
688 3718 759 3767 dum

279 3804 383 3854 pauca
401 3805 438 3838 ex
458 3787 578 3853 Gorgia
597 3786 758 3848 Platonis,

280 3874 295 3907 a
323 3857 490 3922 prioribus
524 3856 677 3922 imperite
710 3870 759 3904 ex-

279 3932 406 3990 carpta,
454 3925 567 3990 legere
609 3924 760 3974 contenti

278 4009 384 4058 neque
418 3992 475 4043 hoc
512 3999 615 4041 totum
654 4006 759 4055 neque

279 4061 346 4111 alia
374 4062 446 4111 eius
475 4060 645 4111 volumina
675 4059 759 4110 evol·

277 4136 369 4191 vent,
405 4130 438 4177 in
470 4130 643 4178 maximum
676 4143 759 4178 erro-

279 4206 342 4246 rem
379 4197 572 4247 inciderunt
610 4196 758 4246 credunt-

282 4280 340 4328 que
362 4282 429 4316 eum
453 4267 486 4315 in
510 4265 569 4315 hac
598 4281 671 4315 osse
697 4266 759 4329 opi-

281 4333 391 4395 nione,
422 4341 456 4383 ut
484 4334 673 4384 rhetoricen
696 4349 758 4382 non

279 4406 394 4463 artem,
416 4401 472 4451 sed
489 4403 641 4468 peritiam
665 4416 758 4468 quan·

809 1453 880 1517 dam
896 1469 1027 1533 gratiae
1050 1485 1089 1521 ac
1106 1470 1294 1536 voluptatis

810 1536 997 1599 existimet,
1020 1542 1054 1586 et
1075 1538 1144 1589 alio
1163 1539 1238 1590 loco
1257 1541 1294 1590 ei·

809 1604 961 1655 vilitatis
983 1606 1178 1669 particulae
1202 1609 1293 1658 simu·

810 1672 938 1722 lacrum
974 1679 1005 1722 et
1043 1681 1197 1738 quartam
1229 1692 1293 1742 par·

810 1747 873 1790 tem
890 1740 1122 1805 adulationis,
1141 1743 1229 1808 quod
1246 1745 1293 1794 du-

811 1823 844 1857 as
872 1815 986 1874 partes
1014 1811 1205 1861 civilitatis
1232 1829 1294 1863 cor·

810 1879 882 1940 pori
901 1878 1074 1943 assignet,
1092 1879 1293 1931 medicinam

810 1952 841 1992 et
884 1961 977 2009 quam
1023 1947 1293 2013 interpretantur

810 2014 1097 2078 exercitatricem,
1126 2014 1209 2066 duas
1231 2018 1293 2067 ani-

810 2096 872 2142 me,
902 2081 1045 2147 legalem
1072 2089 1172 2147 atque
1203 2086 1292 2135 iusti·

811 2149 906 2211 tiam,
933 2150 1165 2201 adulationem
1190 2162 1293 2203 autem

810 2216 998 2269 medicinae
1043 2226 1140 2269 vocet
1181 2236 1293 2286 coquo·

811 2301 877 2334 rum
917 2287 1108 2337 artificium
1146 2295 1178 2337 et
1208 2305 1294 2342 exer-

811 2355 984 2404 citatricis
1005 2371 1222 2420 mangonum,
1239 2359 1294 2422 qui

811 2422 959 2472 colorem
977 2424 1055 2473 fuco
1073 2430 1106 2473 et
1122 2440 1236 2474 verum
1252 2443 1293 2476 ro-

812 2489 872 2538 bur
889 2491 984 2540 inani
1002 2492 1120 2556 sagina
1136 2495 1294 2543 mentian-

811 2565 864 2606 tur
871 2557 1016 2624 ,legalis
1035 2560 1295 2625 cavillatricem,

811 2627 863 2675 ius
871 2625 967 2677 titiae
985 2627 1188 2678 rhetoricen.
1207 2631 1295 2694 Quae

811 2695 920 2743 omnia
937 2702 1014 2746 aunt
1029 2695 1159 2759 quidem
1172 2699 1295 2764 scripta

810 2763 844 2810 in
873 2762 932 2812 hoc
967 2762 1055 2813 libro
1090 2763 1295 2829 dictaquea
1330 2792 1336 2810 ι

812 2830 961 2892 Socrate,
1014 2832 1108 2882 cuius
1153 2849 1295 2898 persona

810 2897 946 2948 videtur
967 2892 1066 2950 Plato
1089 2901 1295 2966 significare

812 2965 887 3030 quid
905 2968 1048 3029 sentiat;
1067 2969 1122 3018 sed
1140 2969 1204 3019 alii
1222 2979 1296 3021 aunt

811 3036 1072 3087 eiussermones
1095 3036 1134 3103 ad
1163 3055 1296 3104 coargu-

812 3102 911 3153 endos
927 3104 990 3185 qui
995 3112 1109 3155 contra
1123 3106 1296 3171 disputant

810 3173 999 3253 compositi.
1347 3221 1353 3234 ,

845 3235 900 3304 τὴν
921 3239 981 3300 μὲν
1005 3239 1058 3289 ἐπὶ
1088 3246 1122 3306 τῇ
1148 3248 1237 3308 ψυχῇ
1254 3243 1295 3310 -]

811 3309 879 3357 Ante
898 3305 945 3372 τὴν
961 3308 1011 3368 μὲν
1028 3307 1071 3358 ἐπὶ
1091 3313 1119 3374 τῇ
1138 3314 1210 3374 ψυχῇ
1229 3329 1253 3360 α
1273 3330 1292 3361 κ

811 3375 880 3440 quod
903 3376 982 3442 vulgo
1007 3379 1049 3426 καὶ
1078 3379 1204 3427 inscrtum
1227 3380 1295 3447 lege·

810 3444 898 3506 batur,
923 3451 992 3495 recte
1014 3445 1080 3496 illud
1103 3447 1218 3496 omnium
1243 3449 1294 3498 fere

810 3511 935 3563 librorum
981 3516 1131 3565 auctoritate
1172 3516 1295 3567 omissum

810 3597 867 3632 esse
906 3581 1036 3631 docebunt
1076 3582 1177 3647 aliquot
1217 3584 1294 3635 huius

810 3648 929 3714 asyndeti
947 3650 1073 3736 exempla
1091 3651 1171 3716 Legg
1193 3667 1217 3715 p.
1237 3651 1294 3732 9dl.

810 3720 848 3767 A:
879 3715 1007 3768 udvrcd'
1032 3710 1136 3768 οὗν-
1161 3716 1207 3768 τὸν
1235 3721 1295 3771 ιεόι

809 3783 981 3850 ἀναπληροῦν
1005 3784 1053 3854 χρὴ
1077 3785 1241 3869 νομοθὲνηι·
1268 3785 1294 3838 τὰ

810 3854 860 3915 ιιὲν
886 3853 941 3903 ἴδια
971 3853 1121 3938 δικαστήρια
1152 3851 1228 3904 zurita
1261 3875 1293 3921 πῃ

811 3920 953 4005 γιγνόμενα
971 3923 1072 4005 Ιιιοίρον
1083 3920 1117 3972 ἂν
1134 3923 1198 3986 ι’χοι·
1218 3921 1248 3973 τὰ
1267 3924 1295 3975 tt

811 3988 922 4058 δημόσια
941 3992 982 4041 κοιλ
1002 3987 1075 4043 κοιιὰ
1093 3988 1170 4041 κοιλ”
1155 4007 1228 4043 coare
1248 3990 1294 4055 ἆρ-

811 4059 856 4123 χάς
874 4059 952 4108 δεῖν.
972 4077 991 4110 τ.
1010 4064 1030 4110 λ.
1048 4060 1113 4111 Ibid
1132 4060 1177 4109 IX.
1196 4076 1221 4124 p
1234 4059 1291 4112 867

810 4130 842 4178 Α.
868 4129 946 4177 Prota
946 4143 1000 4193 g.or
1029 4127 1140 4193 p.338
1165 4128 1200 4177 C:
1235 4125 1296 4179 ἀλλὰ

811 4193 843 4259 δὴ
877 4194 1043 4276 βελτίοια*
1029 4204 1102 4263 ημοῖν
1138 4193 1294 4282 αιρήρεοθε

811 4268 839 4347 τῇ
871 4261 919 4322 μὲν
930 4257 1128 4343 α’ληθείᾳ-
1161 4261 1294 4315 ἀδύνατον

813 4327 889 4392 ὑμῖν,
920 4347 982 4382 orere
1009 4331 1190 4418 Πρωταγόρου
1220 4336 1294 4385 τοῦδε

812 4393 967 4463 σοφώτερον
989 4418 1045 4450 τινα
1069 4401 1189 4453 ἑλέσθαι
1216 4401 1244 4451 εἰ
1266 4402 1294 4453 δὲ
