3242 5259
382 589 443 642 300
788 580 984 639 PLATONIS

381 746 565 826 βελτίστους
591 739 710 818 αύτούς
736 736 814 817 τοὺς
842 742 973 816 πολίτας
1003 752 1193 816 ποιοῦνταςς
1228 745 1311 805 ἄνευ
1337 740 1398 823 γὰρ

382 841 422 926 δὴ
448 844 584 916 τούτου,
622 841 665 917 ὡς
693 840 728 903 ἐν
754 845 823 915 τοῖς
852 837 1035 921 ἔμπροσθεν
1063 839 1273 920 εὑρίσκομεν,
1303 833 1398 903 οὐδὲν

298 948 361 1011 514
382 945 499 1019 ὄφελος
519 943 620 1021 ἄλλην
640 933 826 1022 εὐεργεσίαν
846 931 1001 1020 οὐδεμίαν
1030 933 1241 1018 προςφέρειν,
1273 934 1330 999 ἐὰν
1356 936 1398 1017 μὴ

382 1038 463 1121 καλὴ
491 1037 621 1120 κάγαθὴ
649 1039 671 1120 ἦ
698 1038 826 1101 διάνοια
857 1032 875 1117 ἦ
903 1040 970 1100 τῶν
996 1036 1178 1115 μελλόντων
1206 1034 1228 1116 ἢ
1256 1035 1399 1116 χρήματα

382 1135 485 1202 πολλὰ
504 1135 681 1217 λαμβάνειν
708 1134 729 1215 ἢ
751 1134 853 1217 άρχήν
873 1157 972 1198 τινων
991 1134 1012 1216 ἢ
1033 1137 1134 1215 ἄλλην
1153 1132 1297 1214 δύναμιν
1316 1133 1398 1214 ἡντι-

382 1244 472 1298 νοῦν.
494 1238 605 1315 θῶμεν
627 1231 728 1306 οὕτως
748 1228 846 1314 ἕχεινς
868 1235 972 1295 ΚΑΛ.
999 1232 1097 1294 Πάνυ
1117 1252 1161 1311 γε,
1183 1230 1214 1292 εἴ
1227 1244 1280 1293 σοι
1296 1230 1397 1313 ἥδιον.

383 1334 461 1395 Est.
491 1332 533 1393 Εἰ
562 1325 623 1394 οὖν
651 1334 894 1411 παρεκαλοῦμεν
929 1331 1103 1412 ἀλλήλους,
1141 1319 1168 1391 ὦ
1198 1329 1397 1400 Καλλίκλεις,

382 1429 519 1512 δημοσίᾳ
546 1428 722 1508 πράξαντες
746 1430 812 1491 τῶν
841 1430 1015 1491 πολιτικῶν
1044 1426 1260 1508 πραγμάτων,
1291 1424 1342 1489 ἐπὶ
1361 1425 1397 1488 τδι

383 1527 578 1608 οίκοδομικά,
600 1526 619 1607 ἢ
641 1529 753 1607 τειχῶν
773 1525 794 1607 ἢ
815 1526 960 1604 νεωρίων
979 1525 999 1607 ἢ
1020 1525 1116 1605 ἱερῶν
1137 1521 1188 1587 ἐπὶ
1208 1524 1249 1587 τά
1270 1523 1402 1606 μέγιστα

382 1625 636 1706 οἰκοδομήματα,
666 1624 803 1703 πότερον
833 1620 892 1685 ἔδει
924 1622 965 1686 διν
991 1623 1075 1705 ἡμᾶς
1102 1620 1288 1699 σκέψασθαι
1318 1622 1397 1704 ἡμᾶς

433 1831 540 1883 Ρ..514
559 1833 704 1898 δημοσίᾳ
721 1829 807 1897 προίξ
792 1831 925 1895 gauter]
945 1832 977 1881 V.
995 1828 1150 1894 πράξοντες,
1168 1830 1238 1896 quod
1258 1831 1395 1884 Hermann

383 1901 460 1951 unice
483 1899 582 1966 probat
634 1899 685 1950 Sed
717 1916 812 1965 magno
841 1915 972 1950 consensu
998 1900 1076 1949 Vind.
1106 1899 1130 1950 6.
1160 1901 1219 1948 Par.
1242 1900 1396 1950 BCEFW.

383 1968 452 2022 Flor
477 1985 500 2018 ει,
531 1974 556 2017 et
581 1984 619 2033 pr.
650 1965 1111 2030 01111111.σείειπράξιιιει
1139 1969 1266 2016 eoristum
1290 1974 1396 2017 tuentur.

384 2053 408 2085 v.
425 2037 546 2101 explicat.
579 2038 609 2085 ln
627 2036 697 2085 Flor.
714 2036 738 2085 d.
756 2038 879 2100 scriptum
903 2036 1015 2100 δημοσίᾳ
1033 2053 1054 2084 τι
1071 2035 1167 2098 πρᾶξαι
1185 2041 1237 2085 τῶν
1256 2038 1396 2086 πολιτικῶν

383 2107 414 2154 In
432 2105 532 2170 aliquot
548 2104 622 2153 codd.
640 2103 735 2154 desunt
751 2106 832 2155 verbu
849 2108 902 2154 τάν
896 2105 1052 2152 πολιτικῶν
1070 2100 1238 2169 πραγμάτων.

383 2302 533 2364 regerentur
557 2314 572 2348 ιι
594 2293 763 2360 θεραπεύειν.
798 2297 866 2347 Nem
917 2301 971 2346 not.
1004 2297 1095 2360 Neque
1119 2295 1272 2362 discrepant
1294 2296 1329 2347 ab
1351 2296 1395 2346 hoc

384 2363 867 2449 infinitivusexplicationisgratisud-
917 2380 967 2414 usu
995 2365 1124 2429 participii
1156 2365 1233 2414 telin:
1270 2365 1396 2415 Phaedon.

384 2434 452 2484 ditur
468 2435 554 2484 hisce.
573 2431 776 2497 ἐπιχειρητέον’
764 2431 818 2482 εστὶ
838 2436 866 2496 τῆ
917 2450 942 2498 p.
960 2430 1017 2483 102.
1035 2434 1075 2481 D.
1094 2431 1157 2498 λέγω
1177 2432 1208 2482 δὲ
1226 2429 1332 2482 τοι1δ’”
1317 2450 1395 2489 ενεκιι,

385 2497 456 2553 πόλει
474 2501 516 2551 καί
536 2509 589 2554 τοῖς
608 2502 736 2557 πολιίαιε,
761 2505 790 2550 ut
811 2500 866 2564 ple·

384 2587 417 2620 no
435 2571 488 2620 dici
501 2570 613 2633 potuerit
624 2570 702 2618 etium
713 2569 763 2618 hoc
775 2568 867 2618 modo:

385 2636 447 2689 cisse
470 2634 565 2689 αύτούς
590 2633 757 2700 θεραπεύειν.
792 2638 867 2686 Ριοι-

385 2721 429 2755 sus
446 2705 537 2754 endem
555 2710 594 2754 est
605 2704 743 2755 verborum
757 2709 867 2754 structu-

384 2788 414 2822 ra
444 2774 484 2821 De
507 2772 615 2856 Republ.
634 2773 720 2836 IIIp
722 2770 809 2823 ..416
828 2773 863 2821 A.

384 2839 544 2924 ἑπιχειρησοιι
573 2846 624 2891 τοῖς
653 2788 795 2903 προβάτοις
819 2857 865 2888 κα-

385 2925 467 2973 κουργ
468 2914 517 2957 εῖν,
536 2907 634 2956 Criton.
652 2923 677 2971 p
694 2905 736 2956 52.
754 2909 789 2955 Β.
808 2903 865 2956 οὐδ’

302 3027 307 3038 ,
386 2974 514 3035 ἐπιθυμίαι
540 2989 569 3023 σε
592 2971 667 3039 ἄλλην
692 2970 791 3026 πύλειοε
809 2970 865 3024 ού’δ

384 3040 495 3092 ἄλλων
480 3041 569 3102 ιύμων
580 3042 695 3105 ἑλοβενε
697 3040 789 3099 ίδὲιαι,
808 3041 833 3090 h.
844 3057 866 3090 e.

385 3106 481 3162 αύτούς
498 3109 605 3160 ειδέναι.
638 3109 781 3174 Phuedr.p
784 3107 866 3162 ..271

386 3179 415 3228 C.
432 3179 512 3244 Legg.
531 3177 577 3227 III.
594 3194 619 3243 p.
637 3175 694 3227 700.
714 3177 741 3226 0.
765 3178 866 3241 Vllp.

385 3244 442 3297 790.
462 3248 494 3295 D.
512 3246 557 3295 XI.
575 3262 599 3310 p.
619 3243 676 3295 941.
695 3247 726 3294 D.
745 3246 785 3294 Dc
803 3246 865 3308 Rep.

384 3315 432 3364 111.
455 3331 480 3379 p.
502 3311 560 3364 407.
580 3313 608 3363 0.
641 3313 708 3362 Tim.
726 3329 750 3377 p.
767 3310 809 3363 33.
828 3313 867 3373 (1.,

384 3382 430 3433 ubi
453 3382 575 3432 consules
605 3386 692 3431 annot.
715 3386 794 3431 nostr.
822 3380 866 3429 Vi·

384 3451 477 3501 delicet
494 3451 572 3500 etiem
589 3449 616 3497 in
629 3448 727 3498 talibus
742 3449 866 3497 confusae

384 3525 445 3568 sunt
467 3518 532 3567 διιιιε
556 3517 769 3567 constructiones.
799 3517 867 3565 Num

384 3592 429 3636 aut
449 3585 594 3635 infinitivus
622 3583 779 3634 omittendus
802 3589 865 3644 erat,

385 3661 429 3704 eut
451 3652 588 3703 dicendum
597 3649 791 3733 ἐπιχειρητέον
820 3649 867 3716 τὴν

385 3720 461 3772 πόλιν
487 3720 529 3770 καί
561 3714 621 3770 τούς
650 3721 753 3770 πολίτας
781 3719 865 3781 θερα-

386 3786 483 3839 πεύειν,
502 3787 553 3837 Sed
571 3792 672 3836 servato
683 3786 770 3835 dativo
787 3787 867 3836 etism

384 3856 529 3906 infinitivus
548 3854 677 3904 adiicitur.
704 3854 795 3916 Itaque
814 3870 865 3903 non

384 3927 464 3990 probo
482 3921 717 3972 Heindorfium
742 3926 801 3985 post
819 3938 865 3970 τιο-

385 3993 463 4044 λιταιε
496 3994 623 4040 commate
657 3988 868 4054 distinguentem.

360 4110 362 4116 ,
384 4059 520 4109 Proxima·
539 4053 575 4109 o‘s
592 4057 792 4137 βελτιοτουε-
811 4074 867 4106 ποι-

385 4133 494 4186 οῦντας,
518 4124 606 4176 addin
623 4130 685 4174 sunt
701 4127 754 4187 sio,
778 4130 807 4174 ut
825 4125 867 4174 de·

386 4195 485 4245 olerent
501 4195 555 4242 vim
571 4193 645 4242 vocis
662 4190 753 4245 ούιωε.
786 4193 867 4242 Phne-

386 4261 484 4327 don.p
486 4260 551 4313 5.9.
575 4261 613 4310 A:
639 4257 733 4324 σχεδόν
756 4279 777 4310 τι
800 4259 867 4311 οὕτω

387 4279 552 4387 διεκείίίεθιι,
582 4325 627 4379 διδ
656 4328 707 4390 μὲν
733 4329 868 4394 γελῶντες

634 4412 709 4457 me,
724 4394 810 4446 ubir.
823 4411 868 4446 un·

917 2497 1078 2566 βουλύμενος
1097 2498 1169 2563 δόξαι
1189 2498 1267 2549 σοί”
1250 2518 1317 2564 οπερ
1337 2500 1395 2560 ἐμοί,

917 2568 1093 2618 Ρειιιιειιίδ.
1085 2585 1135 2617 ιιι.
1164 2564 1276 2631 πάρειμί
1303 2586 1333 2634 γε
1361 2563 1395 2617 ἐπ’

918 2632 981 2685 αύιδ
993 2640 1076 2694 τοῦτο,
1097 2632 1285 2699 δεησόμενοεῖ
1269 2642 1345 2697 υμῶν
1353 2638 1396 2685 κτλ,

917 2706 958 2753 De
987 2704 1137 2753 accusativo
1171 2709 1311 2756 ποιοῦντας
1345 2709 1397 2769 post

918 2771 1035 2820 dativum
1061 2771 1134 2821 illuto
1151 2786 1177 2819 v.
1199 2771 1269 2837 edp
1271 2770 1354 2825 ..492
1370 2773 1396 2822 B.

918 2844 977 2903 etp
979 2837 1061 2888 ,512
1079 2841 1112 2888 D.

952 2907 981 2955 Ρ.
1003 2905 1061 2957 514.
1097 2904 1157 2956 ἐὰν
1184 2904 1224 2971 μὴ
1247 2903 1326 2973 καλη
1352 2901 1396 2956 κά-

919 2971 1009 3039 γαθὴ
1042 2969 1058 3040 η’
1097 2971 1129 3054 δ]
1180 2975 1307 3024 Poterant
1339 2976 1397 3024 hacc

917 3041 1051 3091 commode
1074 3043 1171 3102 omitti,
1198 3058 1279 3106 quum
1302 3059 1397 3107 praece

918 3105 1003 3158 dut
987 3127 1052 3158 ανευ
1075 3107 1125 3174 γὰρ
1150 3105 1183 3173 δη
1209 3110 1313 3159 τούτου.
1352 3108 1396 3160 Sed

918 3184 1006 3227 ament
1041 3178 1134 3227 Graeci
1168 3178 1237 3227 hano
1275 3178 1397 3228 sermonis

916 3245 1068 3294 ubertatem.
1094 3244 1146 3296 vid.
1164 3246 1279 3294 Mutth.
1304 3248 1327 3307 ἕ,
1344 3244 1397 3296 636.

952 3313 984 3362 εί
1006 3327 1059 3361 σοι
1082 3310 1196 3379 ἥδιον]
1233 3313 1315 3363 Addit
1337 3314 1397 3362 haec

917 3397 976 3432 cum
1005 3380 1125 3430 irrisione
1152 3380 1347 3444 significaturus
1373 3396 1397 3429 se

917 3465 970 3498 non
991 3465 1025 3497 ex
1049 3449 1129 3497 animi
1155 3450 1286 3498 sententia
1312 3463 1397 3499 conce·

917 3516 976 3566 dere
994 3517 1106 3578 Socrati,
1132 3515 1178 3565 sed
1202 3521 1233 3565 ut
1257 3518 1282 3566 ei
1300 3522 1397 3583 gratnm

917 3586 1007 3634 facist.

952 3652 1098 3716 δημοσίᾳ
1120 3649 1312 3713 πράξαντες
1340 3657 1398 3702 τῶν

918 3718 1093 3769 πολιτικῶν
1111 3718 1328 3786 πραγμάτων]
1352 3721 1397 3770 Ge·

917 3788 1016 3836 nitivus
1033 3792 1132 3852 purtem
1153 3787 1299 3851 significat3
1322 3787 1398 3853 vulgo

917 3855 1069 3919 intelligunt
1096 3872 1124 3902 τι.
1175 3855 1294 3905 Plurima
1323 3855 1397 3905 huius

917 3923 1020 3989 generis
1036 3920 1155 3986 exempla
1171 3923 1279 3988 collegit
1292 3921 1398 3974 Fisch.

918 3991 950 4041 ed
968 3990 1074 4042 Weller.
1093 3991 1125 4038 Τ.
1143 3989 1189 4038 III.
1208 3991 1238 4040 P.
1257 3990 1277 4039 I.
1303 4007 1327 4055 p.
1344 3988 1399 4041 263,

918 4065 944 4108 et
961 4059 1010 4106 viri
1026 4057 1102 4118 docti,
1120 4071 1186 4120 quos
1196 4056 1326 4120 laudarit,
1347 4057 1400 4123 qui-

918 4129 967 4176 bus
995 4125 1060 4175 adde
1088 4140 1155 4188 quae
1190 4127 1400 4177 commemoravit

919 4194 1121 4245 Schceferus
1143 4191 1176 4241 cd
1192 4193 1327 4244 Lambert.
1344 4195 1398 4244 Bos

918 4262 1010 4326 Ellips.
1033 4278 1059 4326 p.
1082 4258 1133 4310 415
1155 4275 1209 4324 seq.
1246 4268 1324 4326 atque
1355 4277 1400 4311 nos

918 4331 969 4394 ipsi
985 4328 1019 4379 ad
1036 4329 1109 4393 Roip.
1126 4328 1170 4377 IV.
1188 4345 1213 4410 p.
1233 4327 1400 4382 445.E.V1.

918 4413 944 4463 p.
960 4394 1059 4449 48511
1061 4397 1263 4462 .exposnimus
1282 4398 1333 4450 Pro
1347 4396 1400 4448 rul-
