3242 5259
496 602 679 665 GORGIAS.
701 606 734 664 P.
758 607 828 663 502.
852 608 921 662 503.
944 604 989 662 ed.
1013 604 1056 662 st.
1240 609 1300 663 266

282 776 414 844 κοινοῦ,
448 761 552 849 ὥςπερ
578 765 669 832 παισὶ
696 771 925 849 προςομιλοῦσι
951 771 1018 841 τοῖς
1046 766 1177 850 δήμοις,
1214 767 1300 848 χαρί-

284 867 396 941 ζεσθαι
417 865 527 939 αὐτοῖς
546 868 736 949 πειρώμενοι
754 866 869 947 μόνον,
891 865 919 928 εί
939 865 972 928 δὲ
993 887 1029 947 γε
1051 866 1195 946 βελτίους
1213 863 1300 929 ἔσον-

282 985 334 1025 ται
363 957 385 1042 ἢ
414 963 540 1044 χείρους
566 963 619 1027 διδι
647 974 764 1039 ταῦτα,
797 963 894 1028 οὐδὲν
922 964 1165 1044 φροντίζονσιν;
1197 966 1300 1026 ΚΑΛ.
1323 965 1385 1029 503

287 1060 356 1141 Οὐχ
379 1059 504 1124 ἁπλοῦν
533 1058 578 1124 ἔτι
605 1072 701 1125 τοῦτο
728 1058 866 1143 ἐρωτᾷς·
895 1059 953 1124 είσί
974 1059 1032 1143 μὲν
1058 1060 1120 1143 γὰρ
1150 1064 1182 1126 οἳ
1208 1062 1301 1143 κηδό-

284 1179 377 1238 μενοι
404 1161 470 1220 τῶν
500 1161 642 1222 πολιτῶν
671 1155 819 1240 λέγουσιν
845 1161 866 1221 δ
894 1157 1062 1239 λέγουσιν,
1100 1156 1159 1222 είσὶ
1188 1155 1221 1222 δὲ
1249 1156 1302 1221 καὶ

283 1255 377 1330 οἴους
398 1255 438 1318 συ
459 1253 567 1336 λέγεις.
610 1258 687 1319 ΣΩ.
714 1251 865 1338 Ἐξαρκεῖ.
897 1257 924 1319 εί
951 1256 1013 1337 γὰρ
1041 1253 1094 1319 ιιαὶ
1119 1258 1215 1320 τοῦτό
1237 1254 1302 1320 ἐστι

283 1355 432 1427 διπλοῦν,
454 1354 491 1417 νδ
512 1353 571 1436 μὲν
592 1352 702 1435 ἕτερόν
722 1375 787 1419 πον
807 1356 927 1419 τούτου
947 1354 1097 1419 κολακεία
1118 1355 1159 1417 διν
1180 1355 1228 1437 ε’ίη
1249 1353 1302 1418 καὶ

284 1451 400 1534 αἰσχρὰ
421 1451 619 1534 δημηγορία,
652 1455 688 1516 τὸ
710 1446 739 1517 δ’
761 1452 870 1534 ἕτερον
897 1454 1014 1532 καλόν,
1043 1453 1079 1515 τὸ
1101 1454 1301 1534 παρασκευα-

284 1554 368 1627 ζειν,
392 1545 479 1624 ὅπως
500 1551 543 1624 ὠς
564 1550 722 1632 βέλτισται
743 1547 869 1615 ἔσονται
889 1555 954 1614 τῶν
974 1554 1115 1615 πολι-των
1136 1551 1170 1614 αί
1189 1551 1300 1633 ψυχαί,

283 1645 337 1710 καὶ
366 1647 579 1730 διαμάχεσθαι
608 1647 742 1731 λέγοντα
773 1647 812 1712 τὰ
842 1647 1001 1730 βέλτιστα,
1042 1649 1102 1712 ε’ίεε
1128 1649 1210 1731 ἡδίω
1240 1648 1301 1712 είτε

282 1743 456 1827 ιίηδὲσιερα
487 1744 573 1809 ἔσται
602 1751 670 1821 τοῖς
704 1748 891 1812 ιίιιοιίουσιν.
930 1748 996 1810 ἀλλ’
1034 1748 1074 1811 οὐ
1102 1748 1230 1812 πώποτε
1259 1747 1300 1810 σὺ
1334 1737 1363 1802 Β

282 1845 405 1925 ταύτην
426 1837 506 1917 εἶδες
525 1841 585 1926 τὴν
606 1843 793 1926 ῥητορικήν·
821 1839 843 1926 ν]
871 1845 900 1908 εί
918 1868 990 1908 τινα
1011 1843 1088 1928 ἔχεις
1115 1850 1181 1909 τῶν
1209 1845 1300 1928 ρητό-

282 1965 351 2022 ρων
372 1947 524 2005 τοιοῦτον
550 1942 665 2017 εἰπεῖν,
694 1942 725 2005 τί
752 1941 823 2025 οὐχὶ
851 1941 904 2006 καὶ
933 1942 1002 2026 ἐμοὶ
1030 1945 1130 2007 αὐτὸν
1158 1941 1301 2025 ἔφρασας

282 2041 330 2115 τίς
351 2037 456 2113 {enm
478 2042 580 2101 KAA.
597 2033 690 2101 Ἀλλδτ
710 2039 753 2121 μδι
772 2033 827 2102 Δί’
846 2042 906 2104 οὐκ
928 2037 987 2123 ἔχω
1008 2037 1106 2123 ἔγωγέ
1128 2054 1176 2104 σοι
1200 2043 1300 2105 εἰπεῖν

282 2142 348 2201 τῶν
369 2159 405 2218 ηε
426 2142 490 2200 νῦν
510 2137 656 2219 ῥητόρων
677 2137 802 2202 οὐδένα.
836 2141 910 2202 Σίδ.
937 2140 975 2200 Τί
996 2135 1048 2214 δίς
1068 2143 1133 2202 τῶν
1153 2144 1300 2203 παλαιῶν

283 2232 363 2317 ἔχεις
390 2234 462 2298 τινὰ
490 2235 608 2309 εἰπεῖν,
638 2235 677 2298 δι’
706 2230 818 2298 ὅντινα
846 2235 951 2299 αἰτίαν
980 2231 1109 2318 ἔχουσιν
1132 2229 1300 2318 Ἀθηναῖοι

283 2334 431 2412 βελτίους
451 2329 632 2414 γεγονέναι,
665 2330 771 2416 ἐπειδὴ
787 2331 922 2407 ’ἐκεῖνος
948 2334 1064 2416 ἤρξατο
1094 2335 1299 2418 δημηγορεῖν,

282 2429 319 2494 ἐν
339 2439 383 2511 τῷ
404 2432 550 2511 πρόσθεν
570 2432 675 2515 χρόνῳ
696 2430 824 2513 χείρους
844 2435 951 2507 δντες;
984 2429 1045 2513 ἐγὼ
1067 2431 1127 2512 μὲν
1154 2433 1217 2514 γὰρ
1239 2435 1300 2498 οὐκ

332 2684 362 2732 Ρ.
380 2679 439 2734 503.
465 2687 555 2732 τοῦτο
579 2680 720 2749 ἐρωτᾷς]
743 2682 775 2732 V.
794 2687 868 2732 τοῦτο
886 2679 901 2731 δ
920 2681 1027 2750 ἐρωτᾷς.
1062 2684 1113 2735 Sed
1131 2682 1146 2736 ὃ
1162 2691 1232 2736 reete
1249 2702 1299 2739 om.

281 2753 343 2831 Pap.
369 2751 421 2800 IV.
444 2751 514 2800 Flor.
538 2748 563 2800 b.
586 2757 612 2799 et
634 2749 761 2801 Aristides
785 2751 816 2800 Τ.
834 2751 867 2803 Π.
891 2768 915 2816 p.
932 2750 991 2803 275.
1024 2754 1213 2818 Expellendum
1234 2755 1301 2804 vidit

281 2818 641 2949 Ηθιίίδίῖᾒδιαμάχεοθατ
669 2883 822 2952 λέγοντα]
863 2886 941 2936 Editt.
971 2903 1060 2938 omnes
1087 2889 1130 2938 καί
1161 2885 1202 2939 ἀεὶ
1232 2890 1299 2951 διαμ.

282 2955 368 3004 Omisi
386 2950 427 3002 ἀεὶ
454 2968 512 3003 cum
531 2952 620 3003 Clark.
638 2953 715 3002 Vind.
740 2952 763 3003 1.
782 2951 806 3004 6.
824 2955 881 3003 Par.
905 2955 1037 3005 BCFIV.
1059 2956 1128 3007 Flor.
1152 2957 1176 3011 b.
1199 2958 1216 3007 f.
1235 2975 1256 3009 s.
1273 2975 1298 3007 x.

283 3022 405 3072 Ceterum
423 3019 544 3086 λέγοντας
561 3021 641 3074 Ooisl.
660 3021 737 3071 Vind.
755 3019 779 3072 6.
797 3023 856 3072 Par.
875 3022 999 3074 CEFW.
1017 3025 1087 3076 Fler.
1105 3041 1128 3076 α.
1145 3042 1166 3076 ο.
1185 3042 1205 3076 s.

279 3259 436 3324 χαριζεσθαι
478 3262 531 3310 τοῖς
570 3258 691 3318 θεαταῖς,
734 3264 765 3307 ut
850 3258 913 3325 Cap.
944 3259 1040 3309 LVIII.
1074 3261 1104 3310 P.
1133 3258 1191 3312 503.
1236 3259 1300 3326 Οὐχ

280 3326 370 3393 peullo
389 3332 449 3375 ante
467 3323 577 3376 dicebat.
815 3320 946 3377 ἁπλοῦν
970 3328 1017 3376 ίττ
1040 3331 1136 3377 τοῦτο
1160 3327 1298 3396 ἐρωτᾷς]

314 3390 392 3444 οἷον
411 3392 537 3443 παίδων
555 3391 693 3442 τε-ιιαὶ
712 3410 763 3459 ην·
815 3395 849 3443 Η.
867 3409 890 3447 e.
908 3395 972 3444 dues
994 3409 1035 3443 res
1052 3395 1162 3444 multum
1185 3395 1253 3446 inter
1269 3413 1298 3447 se

280 3460 662 3594 ίλίῖίίίιίᾷλὲῗδῗίὲὲδ
679 3462 764 3578 ἓίίῖἒὲ
815 3462 1298 3582 {¹0¹2ssZffissffifffflssnffsslessssffi'ssl

280 3599 405 3648 mulieres
417 3612 557 3662 servesque
570 3597 641 3647 editu
660 3595 693 3646 sd
708 3613 763 3662 epe·
815 3599 892 3659 tinet,
917 3597 985 3661 quod
1008 3597 1056 3646 alii
1074 3598 1169 3648 civium
1187 3599 1297 3650 salutem

280 3666 385 3716 etaeula
402 3665 505 3715 scenica
528 3681 581 3715 nen
603 3665 684 3714 fuisse
706 3680 765 3729 pro·
816 3666 848 3715 ob
867 3665 957 3715 oeulos
969 3664 1074 3727 habent,
1093 3667 1139 3716 alii
1152 3666 1295 3733 negligunt.

280 3733 393 3793 bibims,
422 3737 568 3798 eomparate
597 3733 675 3783 etiem
705 3732 764 3782 loeo
849 3733 880 3782 Β.
905 3729 1025 3799 ταύτην
1048 3727 1142 3786 εἶδες
1167 3734 1223 3799 τὴν
1247 3732 1296 3800 ῥη-

280 3803 363 3868 Legg.
381 3800 439 3850 VII.
457 3817 481 3866 p.
498 3798 556 3851 817.
576 3800 605 3850 C.
633 3800 703 3850 Idem
722 3816 764 3864 ap·
817 3800 969 3868 τορικήν]
1004 3801 1096 3864 Illam,
1114 3818 1179 3866 quae
1196 3802 1223 3852 id
1241 3819 1297 3868 spe·

280 3877 356 3935 paret
373 3885 387 3918 e
403 3870 484 3934 Legg.
501 3869 535 3917 ΙΙ.
553 3867 701 3934 p.658.1).‚
719 3867 765 3917 ubi
816 3874 882 3930 etat,
915 3874 946 3918 ut
975 3871 1070 3919 civium
1103 3871 1183 3920 animi
1219 3886 1297 3934 quam

280 3954 305 3987 v.
331 3953 392 3987 ann.
427 3939 490 3986 Rem
517 3941 661 3986 tractarunt
683 3951 765 4000 nuper
817 3936 907 4002 optimi
924 3937 1069 3987 reddantur.

281 4006 414 4069 copiosius
431 4003 559 4054 Ieeobs.
577 4005 604 4053 in
618 4004 684 4054 libro
705 4003 764 4053 Ver·
850 4007 881 4053 τί
901 4001 973 4068 οὐχί
991 4033 1026 4042 -
1043 4003 1209 4071 ἔφρασας]
1228 4020 1296 4069 age,

280 4072 385 4123 misehte
403 4070 533 4137 Selm'ften
557 4073 588 4125 T.
606 4072 653 4124 IH.
672 4087 696 4135 p.
714 4068 765 4123 303
816 4072 897 4121 mihi
914 4072 1011 4122 illam
1035 4078 1196 4137 protenus
1214 4072 1297 4122 indi-

282 4157 356 4204 seqq.
374 4140 416 4190 W.
434 4141 468 4190 H.
486 4141 621 4190 Psssow
638 4140 666 4188 in
684 4139 764 4189 diario
816 4155 860 4188 ea.
878 4155 903 4191 v,
922 4139 954 4189 ad
970 4139 1102 4189 Phaedon.
1119 4155 1143 4204 p.
1161 4138 1203 4190 86.
1221 4142 1254 4190 D.
1272 4146 1298 4191 et

281 4209 544 4259 Zimmermenni
571 4208 695 4272 inscripto
721 4207 765 4256 Ab
816 4207 934 4271 Sympos.
962 4223 987 4270 p.
1010 4205 1068 4258 173.
1092 4210 1122 4257 Β.
1167 4208 1297 4258 Proximis

279 4275 577 4339 terthumswiseeeeekaft
604 4292 664 4325 ann.
690 4272 764 4325 1837.
816 4274 903 4324 verbis
920 4275 1091 4340 philosophus
1114 4273 1208 4325 seerbe
1225 4282 1297 4326 nota-

278 4358 321 4396 no.
339 4341 383 4393 29.
399 4343 533 4393 Becker.
550 4343 577 4392 in
596 4343 716 4393 Chariele
734 4345 764 4392 Τ.
816 4344 855 4391 vit
871 4357 933 4392 suae
950 4345 1042 4393 aetatis
1060 4349 1181 4393 oratores.

278 4412 313 4462 11.
331 4427 358 4476 p.
375 4408 434 4462 251.
456 4411 488 4461 Τ.
505 4410 555 4460 ΙΙΙ.
576 4427 601 4477 p.
621 4409 670 4462 128
693 4426 764 4475 seqq.
850 4409 961 4460 αἰτίαν
984 4411 1118 4475 ἔχουσιν
1141 4407 1295 4476 Ἀθηναῖ-
