3242 5259
548 593 603 651 AD
626 594 808 652 GORGIAM
831 596 1033 655 PLATONIS.
1144 654 1147 659 ,
1261 606 1300 657 39

280 781 403 819 munera
417 761 534 837 publica
547 762 832 835 administrasse.
866 764 1042 823 Huiusmodi
1063 770 1161 824 autem
1175 767 1302 825 civitatis
1348 788 1351 793 ·

279 846 409 904 ministri
431 866 522 924 quum
541 847 638 905 minus
660 853 777 921 possent
799 850 971 907 auctoritate
997 870 1050 907 sua
1071 870 1170 923 regere
1194 851 1301 908 civium

280 933 415 1001 turbam,
438 937 535 1006 spreta
555 931 683 1002 iustitia,
714 933 920 1006 temperantia,
952 935 1144 1004 continentia,
1174 936 1299 1012 denique

280 1015 408 1085 virtute,
439 1016 524 1072 unice
552 1015 581 1072 id
611 1017 800 1086 studuerunt,
830 1023 865 1074 ut
885 1037 933 1074 cos
954 1019 1138 1092 voluptatum
1157 1018 1300 1077 illecebris

281 1099 442 1158 delinirent
470 1100 582 1177 sibique
603 1100 741 1177 obsequio
763 1101 1013 1174 conciliarenttt).
1056 1101 1199 1163 Quoniam
1226 1123 1296 1161 vero

280 1184 311 1241 in
332 1184 428 1241 libera
448 1184 595 1259 republica
617 1191 680 1242 erat
700 1185 901 1256 necessarium,
924 1191 958 1244 ut
979 1186 1029 1263 qui
1051 1186 1160 1263 aliquid
1176 1188 1299 1244 auctori-

280 1269 350 1326 tatis
373 1287 408 1325 ao
430 1268 582 1342 dignitatis
610 1269 658 1327 vel
680 1269 816 1346 consequi
838 1271 885 1328 vel
914 1270 1045 1328 obtinere
1066 1271 1169 1341 vellet,
1198 1271 1223 1328 is
1245 1271 1298 1328 im-

280 1353 382 1428 primis
405 1358 498 1410 artem
520 1352 632 1410 dicendi
660 1372 715 1409 usu
737 1359 766 1411 et
795 1354 1002 1411 exercitatione
1031 1355 1085 1412 sibi
1112 1362 1297 1429 compararet,

282 1437 464 1495 exstiterunt
493 1437 550 1494 illis
572 1436 749 1511 temporibus
778 1437 854 1496 inter
876 1438 1019 1512 sophistas
1048 1439 1098 1515 qui
1126 1459 1185 1495 non
1204 1440 1298 1496 solum

278 1522 489 1597 profiterentur
510 1540 540 1578 se
561 1521 647 1595 ipsos,
669 1540 859 1599 quaecunque
887 1542 933 1580 res
956 1523 1069 1581 infinite
1097 1524 1192 1598 posita
1213 1530 1297 1595 esset,

279 1608 315 1663 de
337 1626 374 1662 ea
395 1605 506 1676 dicere,
529 1606 579 1663 sed
601 1606 690 1663 etiam
710 1606 775 1662 aliis
796 1607 907 1664 dicendi
930 1613 960 1664 et
981 1627 1047 1665 oum
1066 1609 1173 1682 populo
1195 1609 1299 1681 agendi

278 1690 452 1748 facultatem
479 1689 626 1765 impertire
647 1710 731 1764 posse
752 1690 976 1763 laetarentttt).
1019 1692 1149 1753 (luorum
1169 1693 1298 1751 n'rorum

279 1775 386 1845 studia,
410 1772 465 1832 etsi
487 1774 586 1832 multis
600 1774 731 1849 partibus
746 1775 904 1833 laudabilia
916 1776 1044 1847 fuerunt,
1067 1781 1164 1834 tamen
1186 1777 1297 1836 civitati

279 1860 467 1917 Athenarum
502 1878 647 1915 summum
676 1859 838 1918 attulerunt
873 1860 1086 1919 detrimentum.
1143 1861 1299 1919 Excitabat

280 1945 359 2001 enim
380 1963 431 2000 eos
453 1943 618 2001 ambitionis
639 1944 823 2016 magnitudo,
852 1965 926 2021 quae
954 1965 1051 2004 omnes
1072 1945 1234 2016 invaserat,
1264 1952 1299 2003 ut

277 2032 435 2104 praecepta
457 2028 528 2085 artis
548 2047 608 2084 non
629 2028 664 2084 ad
679 2028 798 2086 virtutis
810 2029 961 2100 rationem,
983 2031 1044 2086 sed'
1055 2030 1091 2085 ad
1106 2029 1297 2105 cupiditatum

277 2112 493 2188 tmpitudinem
515 2112 802 2185 accommodarenttl.
847 2112 986 2174 Quocirca
1014 2133 1076 2171 seso
1097 2113 1231 2172 dicebant
1255 2113 1297 2170 di-

279 2197 403 2273 sciplina
425 2216 479 2254 sua
499 2196 528 2253 id
550 2197 717 2267 effecturos,
739 2203 787 2268 ut,
810 2197 861 2274 qui
881 2198 933 2254 illa
954 2197 1000 2254 usi
1021 2203 1132 2268 essent,
1161 2197 1183 2254 ii
1205 2198 1236 2254 in
1258 2197 1297 2254 ci-

280 2282 372 2340 vitate
394 2281 613 2338 dominarentur
635 2281 794 2358 ceterisque
816 2283 1005 2356 imperarent,
1032 2281 1177 2356 perveniri
1199 2286 1297 2339 autem

280 2386 315 2424 eo
335 2385 420 2442 posse
443 2365 658 2423 arbitrabantur
679 2365 733 2435 sic,
755 2371 789 2424 ut
810 2366 862 2442 qui
882 2366 995 2423 dicendi
1012 2366 1180 2423 facultatem
1200 2372 1297 2424 essent

280 2450 429 2509 consecuti
452 2469 487 2507 ea
508 2451 545 2506 ad
567 2450 738 2524 captandam
759 2450 850 2524 plebis
872 2451 995 2523 gratiam
1017 2469 1049 2506 ae
1065 2449 1297 2508 benevolentiam

281 2532 533 2606 abuterenturtt).
577 2534 633 2590 His
662 2533 794 2591 omnibus
822 2534 912 2606 igitur
940 2541 1033 2592 artem
1054 2533 1168 2590 civilem
1188 2533 1297 2607 pariter

279 2625 368 2697 atque
383 2617 557 2676 rhetoricam
573 2618 685 2676 censuit
699 2618 825 2676 evasisse
839 2618 992 2693 pravitatis
1006 2617 1177 2674 ministram.
1199 2616 1297 2679 Quum

278 2723 349 2763 vero
371 2708 497 2779 utraque
518 2707 577 2759 tam
600 2708 677 2760 arcto
698 2702 815 2761 vinculo
843 2702 977 2775 colligata
1005 2707 1035 2760 et
1061 2721 1191 2758 connexa
1212 2708 1297 2774 esset,

278 2794 312 2846 ut
334 2789 428 2846 altera
451 2786 572 2844 alterius
594 2787 703 2843 auxilio
724 2787 849 2844 maxime
870 2786 1021 2860 indigeret,
1054 2787 1219 2843 mirandum
1238 2806 1298 2842 non

280 2879 337 2943 est,
361 2872 440 2950 quod
462 2890 553 2949 quum
574 2870 605 2927 in
627 2870 691 2928 aliis
712 2870 807 2941 libris,
830 2870 923 2929 veluti
943 2871 974 2927 in
995 2872 1123 2951 Menona
1142 2890 1176 2928 ac
1197 2872 1297 2928 Prota-

279 2977 358 3030 gora,
380 2961 446 3015 tum
467 2955 555 3014 etiam
575 2955 607 3011 in
629 2955 735 3027 Gorgia
755 2955 913 3013 rhetorices
934 2974 1000 3012 oum
1021 2955 1209 3028 castigatione
1231 2963 1297 3012 eon·

278 3041 377 3099 iunxit
392 3040 464 3098 artis
479 3039 572 3098 civilis
585 3039 845 3114 reprehensionem,
868 3046 901 3098 ut
920 3060 979 3097 non
993 3040 1055 3097 sine
1070 3058 1171 3097 caussa
1183 3045 1299 3114 praeter

280 3126 419 3200 Gorgiam
434 3129 465 3183 et
471 3124 574 3181 Polum
589 3123 676 3181 etiam
684 3123 830 3181 Calliclem
845 3124 938 3183 civem
952 3125 1126 3182 disserentes
1140 3124 1296 3182 induxerit.

334 3292 402 3351 'His
424 3312 493 3352 vero
520 3291 564 3349 ita
589 3291 728 3366 expositis
756 3291 856 3350 licebit
883 3293 1000 3350 tandem
1029 3292 1176 3368 aliquanto
1205 3292 1298 3350 tutius

280 3378 416 3436 accedere
447 3377 484 3434 ad
512 3376 709 3453 quaestionem
737 3377 773 3433 de
802 3376 934 3447 consilio,
967 3377 1043 3454 quod
1072 3377 1155 3435 Plato
1184 3376 1215 3432 in
1243 3376 1299 3432 hoc

280 3482 366 3537 opere
396 3461 547 3519 scribendo
576 3465 716 3538 sequutus
747 3460 793 3518 sit.
843 3462 898 3518 Est
926 3467 1024 3519 autem
1051 3458 1155 3530 illud,
1173 3459 1198 3516 si
1227 3459 1297 3536 quid

281 3545 409 3604 iudicare
431 3565 591 3620 possumus,
614 3545 725 3602 nonin
747 3544 856 3602 aliare
878 3545 1004 3620 positum
1025 3544 1081 3602 nisi
1103 3545 1135 3600 in
1156 3563 1199 3614 eo,
1221 3544 1298 3621 quod

281 3631 425 3690 rhetorice
447 3635 477 3688 et
497 3649 544 3688 ars
566 3629 668 3699 civilis,
690 3628 784 3706 qualis
805 3633 868 3686 tum
889 3650 952 3688 sese
973 3631 1126 3701 exhilarat,
1149 3629 1218 3706 quia
1236 3633 1299 3686 tota

284 3717 318 3772 ad
339 3716 458 3772 inanem
479 3714 545 3773 veri
562 3714 691 3792 iustique
713 3713 852 3788 speciem,
883 3716 919 3771 ad
941 3734 1046 3772 vanam
1066 3713 1213 3788 potentiae
1234 3732 1298 3788 pos·

283 3800 454 3869 sessionem,
484 3799 610 3876 denique
633 3800 668 3855 ad
690 3798 911 3873 intemperantis
939 3798 1076 3856 lubidinis
1105 3797 1299 3872 expletionem

284 3890 344 3942 erat
372 3887 552 3958 comparata,
581 3883 759 3941 inhonestae
794 3882 950 3957 pravitatis
979 3883 1205 3958 coniunctaeque
1234 3900 1299 3937 cum

333 4128 358 4190 *l
377 4129 409 4178 V.
429 4127 504 4192 Apol.
522 4127 619 4176 Soerat
637 4143 660 4192 p.
679 4126 720 4177 23.
738 4129 768 4177 E.
785 4130 890 4178 Menon.
908 4143 933 4191 p.
951 4124 992 4175 90.
1010 4126 1038 4174 Β.
1057 4123 1145 4188 ibique
1163 4130 1252 4173 annot.

336 4196 377 4262 **)
397 4194 516 4259 Thucyd.
535 4193 628 4256 11‚65.

336 4264 392 4325 ***)
412 4265 443 4312 V.
462 4265 594 4327 Protagor.
612 4278 637 4326 p.
654 4260 711 4313 316.
731 4263 758 4311 Ο.
777 4279 800 4327 p.
819 4261 877 4313 318.
897 4263 924 4310 Β.
943 4261 976 4309 al.
1117 4327 1123 4338 .

335 4333 361 4393 †)
378 4332 410 4380 V.
421 4329 530 4380 Phaedr.
547 4346 571 4394 p.
583 4328 640 4380 260.
653 4331 684 4379 A.
702 4332 742 4380 Dc
752 4329 861 4395 Republ.
880 4330 924 4378 VI.
938 4345 963 4393 p.
976 4325 1034 4377 493.
1041 4328 1072 4376 A.
1091 4328 1158 4376 Trm.
1176 4343 1202 4393 p.
1216 4324 1257 4378 87.
1270 4329 1300 4376 B.

336 4400 381 4465 ††)
401 4400 479 4464 Gorg.
496 4398 600 4464 passim.
