3242 5259
286 603 326 656 44
643 595 940 655 PROLEGOMENA

285 766 451 824 hominibus
479 767 568 840 vulgo
585 765 715 824 'dicatur
748 765 894 823 iniuste
923 784 1036 838 agere
1064 759 1207 839 (ἀδικεῖν).
1265 768 1301 824 Id

285 869 355 909 vero
375 851 418 909 ita
439 870 501 909 esse
528 851 623 925 ipsam
649 850 799 907 hominum
819 849 912 908 vitam
939 848 1056 920 testari,
1085 850 1301 926 philosophiam

285 940 393 992 temere
413 954 527 1008 negare,
549 935 655 1012 quippe
677 954 751 1011 quae
773 953 790 990 a
810 933 889 992 vitae
910 954 967 992 101
988 933 1097 1006 aliena,
1121 935 1191 992 dum
1212 936 1300 993 meris

285 1018 408 1092 argutiis
428 1019 578 1092 indulgeat
598 1024 628 1077 et
649 1020 779 1093 garrulas
794 1023 862 1092 agat
874 1037 975 1091 nugas,
995 1018 1090 1093 ipsam
1103 1037 1203 1077 rerum
1223 1019 1315 1079 veri-⁴

283 1108 375 1161 tatem
403 1103 489 1178 plane
517 1108 666 1178 pervertat
694 1102 732 1178 (p.
756 1107 826 1160 481.
848 1102 878 1162 C.
900 1135 943 1144 —
964 1107 1034 1159 486.
1057 1101 1119 1176 R),
1149 1108 1185 1162 ut
1214 1103 1299 1178 longe

284 1188 488 1262 praestabilius
509 1188 624 1246 sitista
644 1186 842 1263 philosophiae
863 1186 961 1245 studia
981 1186 1070 1244 missa
1089 1188 1185 1246 facere
1208 1192 1298 1266 atque

284 1271 367 1349 sequi
395 1272 522 1330 meliora.
580 1271 661 1334 Quae
690 1273 822 1330 Socrates
850 1271 1003 1346 tripliciter
1031 1272 1170 1330 confutat.
1221 1273 1298 1330 Nam

286 1357 411 1431 primum
437 1357 553 1435 quidem
581 1357 721 1427 ostendit,
749 1356 943 1426 meliores,
973 1374 1045 1432 quos
1066 1355 1137 1415 dicit
1156 1356 1297 1429 Callicles,

284 1441 309 1498 si
323 1440 524 1515 intelligantur
544 1441 787 1516 potentiores
809 1446 845 1498 61
865 1439 1094 1511 validiores,
1111 1460 1297 1518 *consequens

284 1544 354 1596 esse,
377 1529 411 1583 ut
431 1526 537 1600 leges
558 1527 659 1605 utique
681 1527 840 1584 secundum
853 1531 989 1583 naturam
1002 1524 1062 1582 sint
1081 1524 1167 1597 latae,
1189 1525 1297 1603 quippe

283 1628 357 1686 quae
378 1629 437 1667 non
458 1610 509 1668 uni
524 1616 575 1669 aut
588 1611 710 1686 singulis
725 1611 893 1680 debeantur,
916 1609 966 1666 sed
984 1608 1124 1683 plurimis,
1146 1611 1199 1687 qui
1220 1617 1296 1669 certe

283 1693 342 1752 sint
369 1694 491 1769 singulis
519 1695 566 1754 vel
594 1715 653 1752 uno
688 1694 850 1754 validiores.
901 1695 964 1750 Iam
991 1712 1061 1751 vero
1094 1694 1202 1774 multos
1230 1695 1296 1753 11100

283 1784 371 1855 atque
391 1779 528 1855 plurimos
550 1779 592 1838 ait
612 1781 654 1838 ita
675 1779 797 1850 sentire,
826 1782 861 1836 ut
887 1782 972 1852 turpe
1001 1784 1139 1836 censeant
1167 1799 1231 1837 6006
1252 1779 1296 1837 in-

282 1861 358 1921 iuste
380 1883 464 1938 agere
486 1869 516 1922 et
537 1863 601 1921 ahie
622 1865 687 1940 plus
709 1864 764 1922 sibi
785 1862 941 1934 vindicare,
963 1863 1091 1938 adeoque
1112 1863 1187 1920 nihil
1208 1883 1244 1922 ea
1263 1884 1296 1923 re

282 1946 464 2006 inhonestius
493 1968 555 2006 6006
584 1949 769 2007 arbitrentur.
819 1949 866 2004 Ex
895 1966 952 2024 quo
973 1947 1110 2024 consequi
1136 1948 1296 2007 arbitratur

282 2051 340 2088 non
361 2034 444 2090 modo
472 2034 630 2090 secundum
657 2033 765 2107 legem,
794 2033 846 2090 sed
867 2032 955 2090 etiam
976 2031 1134 2088 secundum
1160 2037 1296 2090 naturam

281 2136 343 2174 rem
363 2116 406 2175 ita
426 2137 457 2175 06
479 2118 601 2189 habere,
623 2123 657 2176 ut
678 2118 738 2175 suis
760 2115 915 2174 commodis
935 2114 1020 2173 unice
1042 2117 1158 2174 studere
1180 2121 1211 2175 61
1232 2117 1296 2176 aliis

281 2201 347 2277 plus
368 2202 474 2259 habere
502 2202 578 2261 velle
607 2208 691 2278 turpe
721 2201 947 2260 existimandum
967 2200 1007 2259 sit
1041 2199 1080 2275 (p.
1103 2205 1172 2258 486.
1195 2202 1230 2258 Ε.
1252 2235 1295 2244 -

282 2291 352 2343 489.
374 2283 428 2358 R).
450 2285 515 2348 Qua
530 2287 646 2365 quidem
660 2285 910 2360 argumentatione
927 2289 1058 2360 apertum
1071 2289 1116 2342 est
1129 2285 1296 2367 naturalem

280 2369 353 2444 legis
374 2371 490 2428 moralis
511 2370 651 2444 originem
678 2372 721 2430 ita
746 2370 951 2440 demonstrari,
979 2376 1014 2428 ut
1034 2369 1207 2444 cupiditates
1237 2371 1295 2428 sin·
1317 2378 1325 2391 ‘

281 2454 414 2529 gulorum
436 2455 633 2514 communibus
655 2456 783 2513 omnium
809 2454 925 2512 iudiciis
953 2472 986 2511 66
1006 2453 1156 2512 desideriis
1177 2454 1323 2512 omnino'

280 2540 494 2615 posthabendas
522 2560 584 2598 esse
605 2541 733 2615 graviter
755 2541 967 2597 admoneamur.
1017 2538 1083 2595 Hac
1109 2557 1180 2596 vero
1209 2559 1294 2613 argu·

280 2625 458 2682 mentatione
487 2625 619 2683 absoluta
647 2626 693 2685 vir
721 2625 836 2701 sapiens
862 2622 988 2681 Calliclis
1014 2622 1178 2698 opinionem
1206 2623 1294 2682 etiam

281 2707 339 2764 alia
361 2714 501 2782 exparte
522 2709 692 2784 impugnare
712 2709 849 2769 instituit.
890 2708 966 2766 Nam
987 2706 1011 2764 si
1031 2707 1165 2766 meliores
1185 2707 1294 2767 intelli-

281 2791 368 2864 gendi
397 2791 456 2850 sint
482 2793 682 2865 prudentiores
711 2800 741 2851 et
767 2793 934 2869 peritiores,
963 2791 1049 2850 sicuti
1075 2792 1134 2849 iam
1162 2793 1294 2852 Callicles

281 2876 318 2932 ad
344 2875 448 2932 incitas
475 2876 608 2933 redactus
638 2877 754 2947 statuit,
784 2877 992 2934 consectarium
1020 2896 1082 2934 esse
1110 2878 1206 2948 docet,
1235 2877 1293 2935 illis

281 2958 346 3033 plus
382 2978 444 3016 esse
480 2959 665 3018 tribuendum
692 2981 779 3039 quam
816 2961 935 3032 ceteris,
978 2961 1055 3038 quod
1088 2963 1187 3018 tamen
1214 2962 1293 3021 ritae

280 3042 348 3100 usui
368 3048 398 3102 et
417 3062 516 3100 rerum
537 3044 732 3120 experientiae
753 3051 909 3122 repugnet,
936 3050 970 3104 ut
991 3045 1117 3103 absurda
1136 3045 1206 3103 inde
1227 3065 1293 3104 oon-

281 3127 363 3204 sequi
391 3128 577 3186 manifestum
605 3129 644 3188 sit
672 3130 711 3206 (p.
739 3136 809 3188 489.
839 3131 869 3188 C.
891 3163 934 3171 -
961 3135 1031 3187 490.
1060 3128 1116 3203 Ε.).
1158 3131 1293 3208 Denique

281 3211 407 3270 Calliclis
428 3213 573 3272 sententia
593 3215 682 3273 etiam
708 3216 763 3272 hac
782 3216 896 3273 ratione
915 3215 1111 3289 impugnatur.
1155 3213 1186 3272 Si
1215 3214 1293 3273 enim

280 3296 421 3368 meliores,
442 3297 471 3355 id
494 3300 570 3376 quod
590 3305 623 3358 ut
644 3301 764 3359 tertium
782 3300 865 3375 ponit
878 3299 1018 3370 Callicles,
1039 3298 1061 3355 ii
1080 3299 1291 3373 intelligantur,

280 3381 330 3457 qui
350 3382 597 3443 rerum-civilium
618 3385 677 3444 sint
697 3384 847 3461 peritiores
867 3385 1012 3462 iidemque
1032 3384 1122 3442 fortes
1144 3388 1174 3442 et
1194 3383 1291 3457 gnavi,

280 3470 314 3524 ut
335 3467 398 3526 ah'is
419 3468 560 3544 imperare
587 3474 709 3547 queant,
740 3475 817 3528 certo
845 3472 881 3527 ab
910 3469 1011 3526 iisdem
1040 3467 1128 3526 etiam
1156 3468 1221 3526 iure
1242 3489 1291 3527 ex-

280 3553 401 3624 spectari
423 3572 521 3628 posse,
550 3560 584 3613 ut
605 3555 659 3613 sibi
680 3554 751 3631 ipsis
772 3555 915 3630 imperent
942 3553 1064 3631 ideoque
1086 3552 1292 3628 cupiditatibus

280 3634 340 3692 suis
369 3637 554 3696 moderentur
574 3638 613 3714 (p.
637 3645 705 3698 491.
728 3639 785 3714 Ab.
828 3639 875 3698 Ibi
902 3657 972 3697 vero
993 3637 1123 3696 Callicles
1143 3637 1292 3696 iracundia

280 3723 310 3777 ot
336 3718 534 3794 indignatione
564 3726 773 3784 excandescens
802 3724 938 3783 continuo
972 3723 1009 3781 ad
1038 3724 1163 3782 alterum
1197 3728 1290 3782 trans·

278 3804 408 3877 graditur
428 3804 545 3865 vivondi
568 3809 729 3887 agendique
749 3810 935 3887 principium,
959 3827 1024 3866 cum
1045 3807 1192 3883 superiore
1213 3812 1289 3866 arcte

279 3888 395 3964 quidem
424 3891 622 3965 coniunctum,
660 3895 709 3952 scd
744 3895 862 3971 propius
891 3900 989 3952 tamen
1025 3893 1061 3949 ad
1090 3891 1183 3968 ipsius
1210 3891 1288 3951 vitae

279 3971 421 4031 actionem
443 3985 651 4052 comparatum,
682 3983 716 4037 ut
741 3979 800 4036 iarn
829 3980 864 4036 ad
886 3977 1086 4057 quaestionem
1106 3977 1290 4035 traducamur

277 4057 490 4132 gravissimam,
520 4081 558 4119 ex
579 4082 638 4140 qua
659 4082 717 4121 una
738 4063 863 4122 maximo
884 4062 963 4122 ritae
985 4064 1059 4121 bene
1079 4062 1222 4138 beateque
1243 4062 1309 4157 de.

278 4142 389 4213 gendoo
416 4145 491 4204 ratio
518 4147 610 4205 omnis
639 4148 833 4223 suspenditur.
880 4145 999 4206 Etenim
1026 4145 1233 4221 temperantiae
1261 4147 1290 4203 et

278 4227 481 4289 moderationis
502 4232 770 4292 commemorationo
799 4254 816 4292 a
838 4233 954 4291 Socrate
982 4231 1060 4289 facta
1080 4229 1212 4288 Callicles
1232 4229 1288 4287 iam

279 4313 449 4400 contendere
485 4335 542 4374 non
580 4319 792 4379 verecundatur
826 4317 1001 4387 lubidinem,
1030 4314 1287 4391 intemperantiam,

277 4393 446 4456 indomitam
467 4401 582 4480 quidvis
604 4403 706 4478 ogondi
737 4403 897 4475 licentiam,
927 4409 1021 4462 tutam
1040 4400 1121 4458 illam
1149 4403 1180 4458 et
1199 4417 1289 4475 poena
