3242 5259
498 604 682 681 GORGIAS.
705 622 737 679 P.
760 621 832 680 ιιι.
855 628 925 681 458.
948 625 992 683 ω.
1016 626 1059 685 st.
1243 632 1301 690 ιιι

281 778 347 860 ἐγὼ
378 775 458 857 οὖν,
490 781 517 844 εἰ
544 779 602 863 μὲν
630 782 683 845 καὶ
711 783 752 846 σὺ
781 777 812 847 εἶ
829 788 896 848 τῶν
917 787 1102 867 ἀνθρώπων
1123 777 1229 870 ὧνπερ
1250 791 1303 857 καὶ
1324 763 1412 864 458ὶ

281 877 356 959 ἐγώ,
378 876 481 961 ἡδέως
496 883 538 942 ἄν
554 894 588 943 σε
609 876 807 964 διερωτιύην·
831 883 911 946 εἰδὲ
932 886 985 967 μή,
1007 879 1092 971 ἐῴην
1112 892 1162 951 ἄν.
1185 888 1246 970 ἐγὼ
1267 892 1301 955 δὲ

280 976 382 1039 τίνων
410 976 491 1058 εἰμές
520 981 586 1041 των
612 978 713 1061 ἡδέως
741 979 800 1062 μὲν
828 980 869 1043 ἂν
897 978 1129 1064 ἐλεγχθέντων,
1159 985 1190 1048 εἴ
1207 1010 1236 1049 τι
1257 987 1301 1070 μὴ

281 1073 402 1156 ἄληθες
422 1072 512 1157 λε’γω,
533 1072 635 1158 ἡδέως
655 1071 684 1139 δ’
708 1076 749 1140 ἂν
769 1075 974 1159 ἓλεγξύντων,
998 1082 1029 1143 εἴ
1046 1082 1093 1156 τίς
1113 1107 1141 1145 τι
1163 1082 1206 1168 μὴ
1227 1087 1300 1169 ἄλη-

280 1171 340 1247 ets
360 1172 456 1255 λέγοι,
479 1173 539 1237 οὐκ
555 1172 747 1256 ἀηδέστερον
767 1171 855 1257 μέντ’
878 1176 919 1240 ἂν
941 1176 1155 1261 ἐλεγχθέντων
1175 1181 1195 1262 ἢ
1217 1180 1298 1264 ἐλεγ-

279 1270 420 1349 ξοὲντων·
439 1273 548 1353 μεῖζον
561 1272 623 1353 γὰρ
643 1265 722 1336 αύτδ
737 1273 867 1354 ύγαθδν
880 1276 1030 1359 ἡγοῦμαι,
1052 1270 1178 1362 ὅσῳπερ
1191 1283 1300 1362 μεῖζον

280 1368 414 1450 ἀγαθόν
443 1365 528 1432 ἐστιν
555 1362 656 1433 αὐτὸν
683 1371 907 1456 ἀπαλλαγῆναι
936 1385 1040 1438 κακοῦ
1067 1382 1127 1440 τού
1148 1379 1299 1460 μεγίστου

280 1467 302 1548 ἢ
337 1470 439 1532 ἄλλον
469 1467 653 1545 ἀπαλλάξαι.
681 1461 777 1533 οὐδὲν
804 1469 867 1551 γὰρ
896 1466 985 1554 οἶμαι
1012 1479 1171 1538 τοσοῦτον
1197 1473 1299 1540 κακὸν

282 1558 368 1627 εἶναι
387 1565 561 1650 ἀνθρώπῳ,
583 1564 662 1630 ὅσον
673 1567 750 1644 δόξα
770 1567 892 1649 ψευδὴς
912 1570 982 1651 περὶ
1003 1559 1050 1634 ὧν
1069 1574 1219 1653 τυγχάνει
1236 1580 1300 1638 νῦν
1321 1574 1350 1639 Β

280 1663 362 1745 ἡμῖν
383 1661 513 1744 δλόγος
534 1664 588 1726 ὧν.
611 1664 638 1726 εἰ
658 1663 717 1747 μὲν
738 1659 870 1729 οὖνκαὶ
893 1666 933 1730 σὺ
954 1663 1018 1749 φῂς
1038 1675 1185 1744 τοιοῦτος
1205 1665 1298 1750 εἶναι,

281 1761 521 1844 διαλεγώμεθα·
551 1761 578 1824 ελ
606 1759 639 1825 δὲ
666 1762 720 1826 καὶ
747 1763 838 1827 δοκεῖ
862 1774 977 1847 χρῆναι
1007 1764 1079 1840 δεῖν,
1110 1764 1210 1850 ἐῶμεν
1237 1770 1298 1854 ἤδη

279 1862 406 1943 χαίρειν
432 1859 483 1923 καλ
513 1859 694 1942 διαλύωμεν
720 1863 778 1924 τὸν
804 1861 912 1942 λόγον.
963 1865 1059 1926 ΓΟΡ.
1095 1857 1187 1928 ’Aret
1216 1865 1297 1950 φημὶ

277 2061 349 2111 γοιμι
371 2043 463 2094 invitis
486 2042 560 2092 codd.
583 2043 635 2094 fere
658 2042 787 2094 omnibus.
812 2045 872 2094 Par.
888 2046 909 2096 1.
927 2044 1000 2113 λέγει.
1026 2049 1146 2099 Praestat
1162 2048 1234 2116 λέγω.
1263 2051 1297 2101 ef.

278 2118 369 2163 annot.
389 2111 422 2161 ad
440 2111 516 2177 Apol.
534 2127 558 2177 p.
576 2110 616 2163 25.
634 2114 664 2162 B.
687 2112 775 2177 Symp.
793 2129 817 2178 p.
837 2111 894 2164 176.
911 2116 940 2163 Β.

333 2183 436 2230 κακοῦ
454 2184 510 2230 τοῦ
527 2180 701 2247 μεγίστου]
720 2181 764 2230 Sie
782 2180 871 2234 Olarlr.
889 2182 957 2232 vett.
975 2182 1046 2232 editt.
1065 2200 1119 2233 του.

279 2346 317 2402 oie
341 2350 422 2407 ἔοικε,
449 2351 500 2399 καλ
526 2345 589 2415 ἡμῖν
611 2350 763 2416 ξυγχωρεῖν.
815 2367 877 2400 vum
896 2368 954 2401 cum
971 2352 1109 2403 infinitivo.
1143 2353 1173 2402 In
1192 2369 1243 2417 quo
1260 2353 1298 2404 iu·

278 2417 414 2468 Phaedon.
432 2433 457 2482 p.
470 2416 511 2468 64.
527 2417 562 2468 0:
580 2415 627 2467 ἐὰν
643 2415 693 2482 ἄρα
712 2419 763 2468 καλ
815 2419 883 2469 dicio
917 2421 1001 2469 virum
1032 2421 1164 2486 egregium
1197 2420 1300 2485 decepit

283 2484 534 2550 σολξυνδοκῇύπερ
548 2485 600 2536 καλ
616 2484 680 2546 ἐμοί.
699 2486 764 2536 lbid.
815 2488 882 2538 ratio
934 2489 1087 2552 scriptorum
1132 2489 1297 2539 Latinorum:

279 2571 306 2620 p.
318 2552 359 2604 76.
371 2555 406 2603 E:
426 2551 508 2607 οὕτως
520 2551 605 2616 ὥςπερ
618 2556 669 2603 καλ
689 2560 766 2604 ταῦτα
817 2556 909 2605 Graeci
930 2556 999 2605 enim
1021 2557 1048 2604 in
1066 2556 1215 2606 huiusmodi
1232 2572 1299 2607 com-

278 2622 365 2681 ἔστιν,
389 2620 472 2674 οὕτως
495 2621 547 2672 καὶ
570 2619 617 2688 τὴν
639 2618 766 2687 ἡμετέραν
815 2625 994 2688 potationibus
1016 2624 1092 2673 modo
1117 2639 1206 2674 casum
1226 2640 1300 2690 prae·

279 2686 369 2757 ιμνχὴν
383 2683 459 2739 εἶναι.
476 2691 517 2739 De
528 2691 590 2755 Rep.
601 2689 659 2740 VII.
670 2707 695 2756 p.
706 2688 775 2741 519..
816 2691 917 2740 cedenti
956 2692 1055 2740 nomini
1097 2692 1300 2756 accommodant,

278 2759 311 2808 A.
346 2757 457 2824 Apolog.
489 2758 587 2808 Soorat.
613 2773 638 2822 p.
660 2755 702 2808 22.
725 2759 764 2806 D:
816 2759 892 2809 modo
915 2760 1104 2809 nominativum
1121 2766 1234 2826 ponunt,
1260 2762 1298 2811 in·

279 2825 346 2889 ὅπερ
382 2825 436 2875 καὶ
468 2824 496 2874 ολ
526 2827 627 2891 ποιηταὶ
657 2826 710 2876 καλ
739 2824 767 2874 ολ
816 2828 1010 2878 telleetoverbo
1029 2829 1166 2893 superiore.
1185 2830 1300 2882 v.Dor-

279 2891 379 2960 ἀγαθοὶ
404 2892 572 2961 δημιουργοί,
603 2894 649 2944 ubi
672 2910 697 2943 v.
720 2909 765 2942 an·
816 2895 887 2946 vill.
905 2895 937 2945 ad
950 2895 1048 2946 Charit.
1064 2912 1089 2962 p.
1099 2893 1157 2947 538.
1175 2896 1215 2946 ed.
1227 2898 1298 2962 Lips.

278 2969 334 3014 not.
367 2961 492 3012 Proxima
516 2962 544 3012 ελ
566 2963 604 3014 τίς
627 2979 648 3011 τι
670 2957 704 3026 μὴ
727 2957 765 3010 ἄλ.
817 2951 983 3014 δοὴεελοε.
1001 2964 1101 3014 Melott.
1119 2965 1184 3013 oritt.
1200 2981 1225 3029 p.
1241 2964 1298 3017 126.

279 3030 349 3097 λέγοι
366 3029 506 3080 Fieinus
523 3028 618 3079 reddit:
642 3030 670 3080 si
687 3028 765 3093 quid
815 3033 906 3097 Itaque
916 3037 1007 3096 postea
1022 3047 1097 3082 suum
1116 3033 1171 3097 ipso
1188 3049 1299 3083 errorem

278 3099 403 3150 salsum
433 3097 622 3162 ineptumve
645 3098 765 3146 dicant.
816 3101 948 3166 corrigens
966 3099 998 3148 ad
1012 3099 1145 3150 Phaedon.
1160 3117 1185 3166 p.
1197 3099 1254 3154 111.
1267 3102 1298 3151 A.

280 3167 438 3233 Optativur,
477 3166 522 3230 qui
553 3164 679 3215 librorum
712 3166 765 3215 fere
799 3168 903 3218 'docuit
918 3167 1032 3217 meliora.

280 3236 399 3285 omnium
422 3233 589 3283 confirmatur
605 3233 766 3298 auctoritate,
850 3238 880 3286 B.
921 3235 973 3285 καλ
1013 3232 1204 3294 διαλύωμεν
1242 3233 1300 3286 τὸν

280 3320 342 3354 eum
377 3304 506 3352 sententia
536 3302 607 3368 ipsa,
648 3303 766 3366 quamvis
818 3302 934 3370 λόγον]
963 3302 1087 3353 Similiter
1108 3302 1177 3351 infra
1197 3319 1223 3367 p.
1240 3302 1299 3355 505.

279 3369 454 3438 praecedento
498 3369 641 3420 indicativo
687 3368 765 3435 λέγω,
818 3371 851 3422 C:
870 3375 895 3421 τί
910 3364 961 3422 ούν
979 3369 1010 3436 δὴ
1027 3367 1183 3435 :torristonam
1205 3373 1300 3436 μειαξν

279 3439 386 3505 egregie
403 3439 530 3502 congruit.
565 3438 632 3487 Nam
649 3438 767 3488 Socrates
818 3437 863 3489 τὸν
880 3436 959 3506 λύγον
970 3434 1145 3497 nocuitatem
1163 3437 1299 3489 Lucian.

281 3509 369 3572 εἴρων
394 3505 426 3556 de
448 3521 476 3556 se
499 3506 608 3570 loquens
630 3506 712 3555 utitur
729 3506 767 3553 in·
818 3508 916 3558 Soloec.
935 3512 1012 3557 extr:
1030 3510 1080 3555 νῦν
1095 3502 1125 3555 δὲ
1143 3501 1300 3567 διαλύσομεν

281 3574 410 3637 dirimire,
434 3589 484 3638 quo
508 3575 599 3624 erroris
621 3573 767 3623 verisimili·
819 3574 865 3626 τὸν
891 3572 1018 3641 διάλογον.
1061 3573 1151 3636 ltaque
1182 3588 1234 3622 non
1260 3590 1300 3624 ae-

281 3643 400 3694 tudinem
411 3642 526 3704 indicet3
541 3641 606 3692 alios
623 3657 767 3691 memorans
819 3644 914 3694 sentior
937 3640 1153 3702 Heindorfio,
1183 3642 1228 3705 qui
1254 3640 1300 3692 τὸν

281 3712 428 3777 optativum
450 3710 536 3775 ponit,
559 3709 590 3759 de
613 3710 705 3760 horum
730 3725 768 3759 er·
818 3709 897 3778 λόγον
923 3707 1037 3760 διαλύειν
1063 3709 1116 3759 diei
1144 3724 1195 3759 non
1224 3726 1300 3776 poste

282 3778 387 3831 roribus
401 3793 460 3828 enm
478 3776 639 3829 dubitatione
651 3777 767 3842 quadam
818 3788 890 3829 ratur
924 3776 969 3827 τὸν
1004 3774 1131 3844 σύλλογον
1162 3777 1299 3844 legendum

281 3848 365 3899 animi
382 3845 463 3896 verbe
479 3847 585 3896 tociens.
819 3844 938 3913 putabat,
962 3861 1039 3911 quam
1056 3845 1208 3908 lectionem,
1231 3845 1302 3896 haud

316 3917 346 3965 P.
364 3912 424 3965 458.
459 3915 575 3977 μεῖζον
600 3908 660 3978 γὰρ
688 3909 767 3963 αύτδ
819 3915 897 3965 dubie
931 3929 963 3963 ex
998 3914 1156 3964 correctione
1191 3914 1302 3964 alicuius

281 3981 338 4050 ἀγ]
357 3983 427 4032 Ante
446 3983 534 4046 μεῖζον
550 3981 695 4046 intelligere
713 3996 770 4046 pos·
819 3982 981 4050 grammatici
1002 3987 1098 4043 ortam,
1124 3980 1260 4032 Bodleian.
1276 3988 1302 4031 et

282 4053 320 4102 sis
335 4047 460 4117 τοσούτῳ,
473 4048 542 4115 quod
552 4040 636 4115 'genus
647 4048 770 4113 loquendi
820 4053 925 4102 Mearm.
943 4047 1044 4100 codices
1060 4047 1166 4099 habent.
1178 4078 1211 4087 —
1229 4044 1262 4100 ολ
1265 4068 1302 4099 ον

283 4120 359 4185 tetigi
378 4118 411 4168 ad
429 4117 538 4184 Apolog.
556 4118 627 4167 Soer.
645 4133 669 4183 p.
680 4115 721 4168 30.
738 4117 769 4166 Α.
824 4118 861 4169 οὺ
875 4115 1010 4183 ύφηγεῖ,
1029 4115 1156 4181 qualem
1169 4122 1202 4166 tu
1216 4133 1302 4181 prae·

320 4184 405 4237 ὅσον
429 4182 509 4250 δόξα
532 4181 660 4252 ψευδὴς
684 4175 771 4234 ταῶν
822 4187 918 4236 ducis
959 4191 991 4234 et
1025 4185 1195 4234 informas.
1248 4186 1302 4236 lle·

285 4274 307 4306 κ.
327 4275 347 4305 ι.
366 4253 397 4322 λ]
420 4253 591 4304 Heindorf.
608 4253 670 4302 olim
687 4253 770 4318 requi·
822 4253 981 4305 mosthen.
1012 4253 1051 4301 De
1081 4251 1174 4302 Conon.
1198 4267 1222 4317 p.
1244 4249 1303 4305 277.

285 4325 361 4374 rebat
387 4322 567 4373 accusativum
589 4319 669 4384 δόξαν
687 4319 772 4388 ψευδῆ
823 4323 862 4372 ed.
887 4321 988 4370 neten:
1016 4316 1078 4369 nard
1101 4315 1147 4385 τὴν
1170 4316 1305 4387 ὑφήγησιν

285 4398 390 4458 propter
425 4389 620 4456 praecedentem
647 4391 772 4441 accusati·
824 4388 927 4447 τούτου,
956 4387 1002 4439 wie
1027 4387 1110 4438 dieser
1135 4386 1171 4440 οἱα
1197 4387 1304 4441 αολελιιι.
