3242 5259
479 601 534 658 AD
557 600 741 661 GORGIAM
762 601 966 660 PLArorus
1190 607 1227 664 17

211 767 351 843 exsilium
373 768 484 827 eiicere.
515 772 558 829 At
578 769 656 828 onim
676 790 746 830 vero
768 771 793 828 si
816 771 881 849 quis
902 776 999 830 orator
1020 776 1072 830 aut
1085 775 1228 850 tyrannus

212 853 341 931 aliquem
363 854 474 912 occidat
502 859 554 913 aut
581 856 664 913 bonis
693 856 753 913 suis
782 861 885 928 exuat,
915 857 945 913 id
974 857 1144 915 existimans
1172 857 1228 916 sibi

211 959 275 996 esse
296 939 417 1011 melius,
448 954 539 1017 quum
566 945 665 998 tamen
686 941 725 1000 sit
744 941 842 1017 peius,
871 942 942 999 facit
960 942 986 998 is
1012 942 1130 1019 quidem
1151 944 1228 1020 quod

209 1024 268 1099 ipsi
290 1024 387 1096 lubet,
417 1044 477 1082 non
499 1030 597 1084 autem
625 1027 803 1103 quodvult,
832 1026 1002 1102 praesertim
1030 1047 1120 1104 quum
1142 1027 1228 1087 alteri

209 1108 323 1166 malum
344 1108 458 1169 inferat.
503 1110 534 1167 Si
556 1111 718 1182 autemid,
749 1112 827 1188 quod
848 1131 907 1168 non
928 1112 1001 1182 vult,
1029 1111 1114 1182 facit,
1143 1111 1227 1169 facile

210 1199 332 1269 apparet
319 1194 425 1252 thaec
445 1213 504 1252 non
524 1199 625 1270 potent
612 1196 671 1253 tiae
694 1215 756 1253 esse
778 1201 962 1270 argumenta,
985 1196 1036 1253 sed
1056 1195 1153 1272 potius
1174 1196 1227 1252 im-

209 1279 322 1337 becillit
323 1279 395 1351 atis,
423 1279 448 1338 si
469 1279 615 1356 quidem'
607 1281 786 1338 1tatdemum
807 1281 913 1359 aliquis
934 1280 1059 1339 multum
1079 1280 1173 1351 valet,
1190 1280 1228 1338 si

209 1364 279 1421 boni
301 1324 425 1421 alicuius
446 1383 547 1422 caussa
568 1365 695 1442 quidque
710 1365 830 1460 perficit.
810 1367 970 1425 t.P466.
986 1369 1083 1423 A.-
1069 1371 1170 1454 468.
1191 1367 1225 1423 Ε.

211 1448 350 1506 Sentiens
371 1449 459 1506 Polus
487 1449 575 1506 huius
596 1449 800 1525 disputationis
827 1450 887 1509 ιιιιι
917 1457 946 1508 et
972 1412 1160 1545 gravitatem,
1190 1470 1227 1507 ne

211 1535 248 1589 ad
270 1533 421 1591 silentium
441 1534 554 1608 redigat
554 1554 604 1606 ur,
634 1533 724 1596 Quasi
745 1554 815 1594 vero
843 1542 891 1606 t,u
921 1555 937 1592 ο
960 1536 1092 1606 Socrate,
1111 1534 1226 1618 inquit,

210 1637 269 1675 non
292 1638 411 1693 cuperes
432 1618 465 1675 in
487 1619 604 1678 civitate
619 1619 713 1692 gratia
735 1625 766 1678 et
786 1581 958 1678 auctoritate
973 1620 1048 1678 mult
1036 1625 1099 1678 tum
1112 1620 1225 1678 valere!

212 1703 269 1760 Sed
291 1704 406 1777 egregie
430 1704 576 1763 Socrates:
604 1704 719 1762 Nollem
740 1705 876 1781 equidem
897 1703 965 1776 hoc,
995 1704 1019 1762 si
1042 1704 1227 1763 coniunctum

211 1793 289 1845 esset
310 1808 376 1846 cum
398 1787 519 1846 iniuria:
547 1788 641 1846 maius
670 1789 747 1847 enim
774 1790 883 1846 malum
912 1808 974 1847 esse
1004 1789 1127 1847 arbitror
1156 1789 1226 1848 alios

211 1872 319 1930 iniuria
342 1874 457 1931 afficere
479 1893 567 1951 quam
587 1873 684 1949 ipsum
705 1873 796 1945 affici3
826 1893 879 1932 neo
899 1873 934 1944 ιι,
956 1873 1006 1951 qui
1027 1873 1136 1931 iniusto
1158 1894 1226 1949 sup-

191 1956 298 2031 ¹plicio
318 1959 460 2029 afficitur,
490 1962 551 2016 tam
571 1958 659 2016 miser
685 1964 743 2030 est,
773 1977 861 2036 quam
888 1958 940 2036 qui
967 1959 1091 2017 alterum
1113 1957 1226 2016 'iniuste

212 2041 365 2102 interfecit.
408 2044 516 2100 Facere
544 2049 642 2101 autem
670 2062 753 2119 posse
781 2063 856 2121 quae
884 2044 984 2102 lubeat
1011 2043 1083 2100 mihi
1109 2043 1227 2121 quidem

210 2146 269 2183 non
283 2127 408 2187 'videtur
436 2146 573 2202 magnum
602 2127 737 2205 quiddam
765 2147 843 2186 esse:
872 2133 969 2202 potest
996 2127 1074 2184 enim
1102 2127 1226 2205 quilibet

209 2211 337 2286 pugione
359 2217 472 2289 arrepto
494 2213 559 2270 aliis
586 2212 647 2271 vim
668 2212 774 2270 inferre
796 2233 829 2270 ao
850 2212 967 2290 tyranni
989 2219 1141 2288 personam
1163 2232 1226 2271 sus·

209 2297 319 2368 tinere;
350 2303 380 2356 at
400 2317 493 2373 poena
513 2297 575 2355 sine
597 2296 684 2355 dubio
711 2296 853 2355 iniustum
881 2302 1082 2374 consequetur.
1125 2296 1226 2355 Omnis

209 2382 303 2454 igitur
323 2382 467 2456 potentia,
497 2401 571 2459 quae
600 2382 720 2441 habenti
740 2383 879 2440 damnum
906 2383 1006 2454 affert,
1035 2382 1151 2440 nomine
1172 2402 1225 2454 suo

208 2466 344 2540 indigna3
368 2468 559 2545 quodcunque
581 2472 679 2526 autem
699 2467 807 2524 iniuste
829 2472 1020 2542 perpetratur,
1042 2467 1072 2524 id
1093 2467 1137 2523 illi
1159 2467 1224 2542 ipsi,

209 2551 262 2629 qui
289 2557 452 2627 perpetrat,
482 2553 651 2609 damnosum
678 2551 866 2610 iudicandum
894 2557 946 2609 est.
975 2552 1008 2609 P.
1031 2555 1101 2608 469.
1124 2554 1160 2607 A.
1181 2583 1225 2592 —

209 2637 442 2694 mac-Hic
462 2656 531 2695 vero
553 2637 641 2695 Polus
662 2636 718 2694 sibi
738 2636 856 2697 videtur
877 2637 1024 2694 Socratem
1043 2635 1127 2693 facile
1147 2636 1226 2693 refu·

206 2728 275 2779 tare
290 2740 381 2795 posse.
410 2722 506 2780 Affert
520 2721 598 2779 enim
619 2721 751 2796 exempla
765 2741 865 2779 eorum
880 2721 1037 2792 hominum,
1060 2720 1119 2799 qui,
1134 2741 1226 2798 quum

207 2805 306 2862 multa
326 2805 432 2865 iniuste
454 2806 633 2882 etimprobe
653 2806 782 2879 fecerint,
804 2812 903 2865 tamen
924 2808 961 2864 ab
980 2805 1113 2864 omnibus
1126 2806 1225 2864 felices

211 2895 240 2948 et
268 2889 349 2948 beati
377 2891 555 2963 habeantur,
583 2890 781 2969 imprimisque
810 2896 1012 2950 commemorat
1039 2891 1224 2962 Archelaum,

212 2974 398 3032 Macedoniae
419 2995 524 3049 regem.
568 2977 610 3035 At
637 2997 674 3034 ne
702 2976 774 3034 haec
801 2976 919 3054 quidem
948 2975 1046 3035 virum
1073 2975 1225 3051 sapientis·

211 3059 316 3117 simum
337 3067 533 3132 commovent,
561 3067 596 3119 ut
616 3061 791 3120 sententiam
812 3081 896 3119 suam
923 3061 1046 3135 corrigat
1074 3066 1126 3119 aut
1154 3060 1225 3118 abii-

211 3143 275 3203 oiat.
310 3147 407 3218 Negat
428 3147 507 3204 enim
528 3165 693 3224 quenquam
707 3148 825 3206 beatum
846 3166 909 3204 esse
930 3165 1022 3222 posse,
1045 3145 1095 3223 qui
1116 3144 1225 3203 iniuste

210 3237 292 3302 agat,
322 3231 451 3308 adeoque
480 3230 629 3290 contendit
656 3231 794 3290 miserum
822 3230 939 3309 quidem
967 3249 1030 3289 esse
1058 3250 1140 3301 eum,
1174 3230 1226 3308 qui

209 3313 319 3374 iniuste
340 3314 429 3374 faciat
449 3315 498 3388 sio,
520 3320 555 3374 ut
575 3335 682 3392 poenas
702 3316 827 3374 iniuriae
848 3316 925 3387 luat,
953 3316 1004 3373 sed
1025 3315 1117 3374 multo
1139 3315 1225 3372 mise-

209 3399 316 3457 riorem
329 3400 413 3457 illum
433 3420 497 3460 esse
516 3400 711 3472 iudicandum,
734 3401 793 3480 qui,
815 3420 906 3478 quum
921 3399 1050 3476 improbe
1072 3404 1103 3457 et
1115 3399 1225 3457 iniuste

208 3484 325 3554 secent,
355 3485 430 3542 male
457 3487 600 3544 factorum
621 3505 744 3561 poenam
772 3486 866 3546 solvat
892 3486 1010 3543 nullam.
1041 3485 1073 3541 P.
1095 3484 1166 3542 470.
1187 3483 1224 3542 D.

208 3601 251 3610 —
273 3569 345 3626 472.
367 3571 401 3628 E.
416 3602 459 3611 -
473 3571 558 3629 Hane
578 3590 648 3630 vero
676 3571 851 3630 sententiam
872 3570 980 3629 certius
1000 3571 1174 3646 probaturus
1196 3574 1226 3628 et

209 3654 390 3750 argumentis
410 3655 650 3716 luculentioribus
672 3656 893 3714 confirmaturus
920 3653 1148 3750 disputationem
1175 3654 1225 3749 de·

209 3739 324 3814 inceps
331 3739 386 3796 hoc
413 3742 497 3799 modo
522 3741 715 3818 persequitur.
762 3740 836 3798 Dico
863 3739 1012 3836 equidem,
1041 3739 1213 3817 inquit,m

208 3822 315 3881 iuriam
344 3824 456 3883 facere
453 3825 548 3902 peius
577 3845 639 3884 esse
668 3845 755 3904 quam
789 3824 926 3882 iniuriam
952 3824 1080 3919 accipere
1109 3842 1224 3900 eosque,

208 3909 261 3985 qui
282 3908 391 3968 iniuste
413 3917 514 3983 agant,
544 3910 660 3968 omnino
682 3930 744 3969 esse
765 3910 901 3980 miseros,
930 3908 1105 3966 miserrimos
1127 3913 1224 3966 autem

208 3993 290 4065 illos,
320 3993 371 4071 qui
399 3993 523 4054 iniuriae
550 3995 662 4054 nullam
683 4015 805 4071 poenam
834 3996 911 4053 dent.
891 3993 1138 4071 tQuamquam
1166 3992 1224 4050 scio

208 4078 265 4135 hoc
293 4078 450 4153 permirum
477 4081 570 4140 videri
595 4100 717 4154 magnae
745 4079 935 4138 multitudini.
971 4081 1003 4137 P.
1033 4079 1103 4136 473.
1124 4080 1161 4135 A.
1182 4109 1225 4119 —-

210 4163 337 4221 474..Β
380 4165 498 4224 Etenim
519 4166 544 4224 si
564 4165 701 4223 iniuriam
722 4166 817 4223 facere
839 4163 992 4240 turpius
1015 4159 1157 4238 (αἴσχιον)
1180 4170 1225 4221 est
1343 4161 1346 4165 ’

208 4267 307 4391 quamt
320 4249 463 4325 accipere,
492 4252 528 4308 de
556 4270 614 4346 quo
642 4249 772 4327 plerique
802 4269 901 4307 omnes
930 4247 1129 4317 consentiunt,
1160 4264 1226 4303 oon·

208 4333 358 4410 sequitur,
388 4339 423 4393 ut
443 4334 532 4393 ctiam
552 4335 662 4411 peius
691 4330 815 4408 (κάκιον)
843 4334 890 4392 sit.
933 4333 1009 4389 Nam
1035 4349 1226 4409 quaecunque

209 4407 438 4491 pulchratsunt‚
467 4440 573 4497 capro
601 4418 730 4497 pulchris
757 4420 903 4480 habentur
931 4416 980 4477 vel
1000 4422 1118 4492 propter
1144 4417 1227 4476 volu
1295 4439 1298 4443 ·

262 4532 590 4583 ιιοιΑοοοοιιηιιιιοιι
1008 4528 1026 4580 2
