3242 5259
561 602 744 663 GORGIAS.
765 603 798 662 P.
822 606 892 661 490.
914 603 960 661 ed.
984 603 1026 662 st.
1232 592 1303 659 223‘

276 761 338 830 τόν
360 766 473 845 βελτίω
494 762 592 830 πλέον
611 767 679 829 δεῖν
700 761 797 846 έχειν;
831 767 934 827 ΚΑΛ.
960 759 1009 828 Οὐ
1030 765 1140 828 σιτίων
1161 785 1196 844 νε
1217 759 1294 828 οὐδὲ

277 869 398 929 ποτῶν.
422 866 518 926 ΣΠ.
542 865 732 940 Μανθάνω.
747 864 813 926 αλλ’
836 863 912 937 ’ίσως
933 861 1073 947 ἱματίων,
1095 860 1149 925 καίΙ
1168 863 1219 925 δεῖ
1236 855 1295 924 τόν

277 955 549 1042 δφαντικώτατον
577 958 727 1043 μέγιστον
755 961 881 1042 ίμοίτιον
908 956 990 1042 έχειν
1016 960 1070 1024 καί
1089 964 1220 1023 πλεῖστα
1241 959 1295 1023 καί

278 1061 431 1122 κάλλιστα
445 1059 667 1140 ἀμπεχόμενον
682 1054 844 1138 περιιέναι.
888 1060 991 1121 ΚΑΛ.
1016 1058 1128 1122 Ποίων
1142 1058 1294 1141 ίματίωνς

279 1159 355 1220 za.
373 1149 460 1221 Ἀλλ’
483 1157 526 1230 είς
547 1156 737 1238 ὑποδήματα
758 1157 859 1237 δῆλον
880 1150 928 1218 ὅτι
949 1156 998 1219 δεῖ
1017 1159 1216 1219 πλεονεκτεῖν
1235 1152 1295 1219 τόν

279 1251 526 1336 φρονιμώτερον
552 1255 597 1328 είς
624 1258 723 1317 ταῦτα
744 1252 799 1317 καὶ
820 1251 992 1333 βέλτιστον.
1013 1247 1072 1316 τόν
1094 1255 1294 1336 σκυτοτόμον
1316 1250 1345 1315 Ε

278 1351 357 1425 ἴσως
386 1347 518 1433 μέγιστα
544 1353 595 1415 δεῖ
619 1351 810 1434 ὑποδήματα
837 1348 891 1414 καί
910 1354 1041 1414 πλεῖστα
1060 1350 1295 1434 ὑποδεδεμένον

281 1454 478 1530 περιπατεῖν.
521 1452 623 1513 ΚΑΛ.
662 1452 749 1513 Ποῖα
775 1449 985 1531 όποδήματα;
1015 1453 1169 1529 φλυαρεῖς
1197 1447 1294 1532 ἔχωνς

280 1550 355 1610 >ssa
381 1540 470 1610 Ἀλλ’
501 1549 529 1611 εί
555 1545 599 1631 μὴ
628 1547 666 1610 τὰ
692 1552 826 1610 τοιαῦτα
853 1546 969 1629 λέγεις,
999 1547 1076 1621 ’ίσως
1103 1548 1142 1611 τὰ
1171 1550 1293 1613 τοιαίδε·

280 1638 354 1709 οἶον
381 1641 559 1726 γεωργικόν
585 1645 688 1726 ἄνδρα
708 1644 780 1725 περὶ
800 1654 864 1727 γῆν
884 1645 1047 1726 φρόνιμόν
1068 1667 1099 1708 τε
1120 1645 1174 1709 καὶ
1194 1643 1295 1711 καλὸν

279 1741 334 1806 καὶ
355 1743 502 1825 ἀγαθόν,
532 1746 651 1806 τοῦτον
671 1744 711 1824 δὴ
732 1743 808 1819 ἴσως
829 1745 879 1807 δεῖ
896 1748 1097 1806 πλεονεκτεῖν
1118 1749 1183 1807 τών
1203 1761 1294 1826 σπερ·

279 1842 391 1923 μοίτων
422 1839 476 1911 καὶ,
497 1840 540 1914 ὡς
560 1841 695 1925 πλείστῳ
716 1840 872 1924 σπέρματι
891 1847 1029 1924 χρῆσθαι
1050 1843 1093 1918 είς
1114 1841 1173 1926 τὴν
1193 1843 1296 1908 αὑτοῦ

279 1948 351 2021 γῆν.
396 1942 498 2002 ΚΑΛ.
531 1931 589 2014 Ὡς
615 1939 663 2002 αεὶ
684 1934 785 2003 ταύτὰ
806 1937 921 2020 λέγεις,
953 1931 1198 2021 dilaniantes.¹
1222 1946 1294 2006 Σέὶ.

283 2033 334 2100 Οὐ
354 2038 458 2120 μόνον
478 2059 522 2119 γε,
546 2028 572 2101 ὦ
595 2038 792 2113 Καλλίκλεις,
824 2036 903 2102 οίλλδι
924 2036 979 2101 καὶ
999 2037 1071 2119 περὶ
1091 2042 1157 2101 τών
1177 2032 1294 2103 αὐτων.

331 2223 364 2272 D.
401 2213 634 2285 Πότερονοόν
653 2218 708 2271 τὸν
727 2220 794 2287 φρ]
815 2217 848 2271 od
864 2221 952 2272 Clark.
970 2223 1028 2272 Vat.

331 2288 431 2339 πλέον
450 2288 523 2340 δεῖν
542 2287 641 2355 ἔχειν]
661 2289 703 2339 δεῖ
714 2290 791 2339 Vind.
805 2287 829 2339 6.
846 2290 920 2340 Bodl.
932 2298 958 2340 et
969 2292 1075 2340 Mearm.
1102 2291 1166 2340 Item
1180 2290 1258 2340 Vind.
1272 2289 1294 2339 l.

280 2357 361 2408 πλέον
378 2354 411 2423 δὴ
425 2358 500 2421 ἔχειν,
518 2357 543 2407 h.
562 2373 584 2408 e.
603 2356 660 2407 δεῐ.·
677 2363 739 2407 nata
756 2358 826 2407 enim
844 2374 875 2407 ea
892 2359 1020 2422 scriptura
1037 2374 1069 2408 ex
1087 2359 1213 2409 itacismo.
1245 2358 1295 2409 Sed

279 2426 427 2475 infinitivus
444 2442 477 2475 ex
494 2425 660 2490 praecedenti
677 2425 757 2491 λέγειν
775 2441 917 2489 suspensus
935 2433 982 2476 est.

250 2546 256 2552 ‚
332 2493 451 2543 Ποίων
475 2492 645 2560 ίματίων;]
664 2492 757 2543 Ποίων
774 2493 804 2543 δὲ
823 2492 946 2554 ίματι’ων;
972 2493 1041 2545 Flor.
1059 2511 1081 2544 a.
1100 2511 1122 2544 c.
1140 2511 1173 2542 m.
1193 2511 1216 2544 o.
1235 2508 1294 2544 cum

280 2562 319 2618 ed.
338 2563 399 2612 Bas.
417 2558 441 2614 2.
459 2560 534 2612 male.

332 2627 391 2679 τόν
416 2626 673 2693 φρονιμώτερον
696 2629 746 2681 als
771 2630 941 2678 ταῦτακαὶ
966 2628 1158 2694 βέλτιστον]
1185 2631 1244 2679 Bas.
1269 2627 1294 2679 2.

280 2705 306 2748 et
321 2700 393 2748 Flor.
411 2714 437 2746 x.
461 2693 504 2747 τὸν
528 2695 739 2761 φρονιμώτατον,
765 2697 834 2761 quod
857 2696 1004 2762 requirebat
1024 2698 1174 2760 Heindort,
1196 2713 1295 2762 recepe·

280 2773 343 2815 runt
361 2767 439 2815 etiam
458 2765 510 2814 alii.
545 2766 622 2816 Nunc
643 2771 730 2815 tamen
753 2765 875 2814 tuendam
893 2779 1028 2815 censemus
1046 2766 1199 2831 optimorum
1218 2765 1296 2816 libro-

280 2851 336 2884 rum
362 2834 524 2898 scripturam.
560 2834 625 2884 Nam
649 2849 699 2883 neo
723 2834 912 2898 comparativus
934 2850 981 2899 per
1003 2850 1031 2884 se
1048 2835 1151 2900 ineptus
1168 2842 1221 2895 est,
1247 2850 1296 2884 nee

281 2904 337 2952 eius
356 2917 416 2951 cum
434 2900 593 2966 superlativo
612 2902 771 2952 consociatio
789 2918 865 2967 aegre
882 2902 996 2952 ferenda.
1013 2919 1039 2955 v.
1056 2903 1158 2953 Phileb.
1174 2902 1251 2968 pen.
1262 2903 1295 2952 D.

280 2972 319 3020 De
345 2970 455 3034 Republ.
479 2969 549 3019 VIII.
572 2985 596 3035 p.
614 2968 672 3020 564.
690 2971 721 3019 Β.
743 2970 904 3034 Bernhardy.
929 2971 1002 3035 Synt.
1026 2986 1050 3035 p.
1074 2969 1133 3024 436.
1170 2971 1297 3021 Videlicet

282 3034 483 3103 φρονιμώτερον
500 3043 619 3102 estnon
637 3043 699 3088 tam
717 3038 896 3103 insipiens.

815 3210 840 3255 et
869 3202 926 3256 133.
955 3206 988 3255 ad
1017 3207 1150 3272 Protagor.
1178 3223 1204 3272 p.
1230 3205 1297 3267 365.

814 3274 909 3338 quibus
927 3273 1054 3323 accedant
1072 3290 1138 3338 quae
1156 3277 1246 3325 notavi
1264 3278 1297 3324 ad

280 3205 474 3272 Aeschylus
492 3204 582 3271 Suppl.
600 3179 628 3255 ν.
641 3203 704 3256 249:
724 3205 761 3255 εί-

282 3270 443 3341 ρηκαςόμφί
454 3269 763 3339 κόσμονοίψευδῆλόγσν.

280 3342 359 3406 Quod
399 3342 501 3392 additur
538 3341 581 3392 καί
623 3344 763 3405 φλυαρίας,

280 3426 467 3476 saepenumero
481 3409 599 3474 pluribus
611 3409 689 3459 rebus
702 3425 763 3459 ena-

279 3481 388 3530 meratis
413 3479 541 3540 φλυαρία,
572 3479 665 3542 λῆρος,
700 3473 763 3542 φλή-

283 3564 371 3610 vapor
382 3550 408 3596 et
420 3546 516 3596 similia
527 3544 702 3596 subiiciuntur
718 3561 764 3610 per

280 3611 482 3679 ἀπροεδόκητον
513 3612 651 3678 quoddam.
688 3613 763 3662 Gonf.

278 3685 351 3734 infra
368 3699 393 3748 p.
411 3680 468 3734 519.
481 3681 511 3730 A.
535 3681 668 3731 Phaedon.
685 3697 710 3746 p.
722 3679 763 3732 66.

280 3753 317 3802 C:
337 3747 447 3814 ἐρώτων
458 3746 539 3799 δὲκαὶ
558 3747 706 3810 ἐπιθυμιῶν
721 3749 763 3798 καί

282 3817 381 3884 φόβων
399 3817 441 3867 καί
458 3813 578 3867 εἰδώλων
589 3815 764 3867 παντοδαπῶν

279 3889 322 3939 καί
336 3888 467 3950 φλυαρίας
477 3883 623 3951 ἐμπίπλησι.
633 3902 656 3934 v.
667 3887 763 3950 Toup.

280 3957 314 4007 ad
338 3956 443 4021 Fragm.
470 3953 581 4018 Longin.
607 3969 631 4019 p.
654 3951 712 4004 400.
739 3960 765 4003 et

280 4022 411 4074 Jacobs.
430 4020 517 4071 Addit.
533 4021 559 4070 iu
573 4022 668 4072 Athen.
685 4037 710 4085 p.
722 4019 764 4072 49.

316 4094 351 4149 D.
372 4089 479 4140 Ποίων
495 4088 661 4155 ἱματίων;]
679 4088 764 4150 Quas

281 4165 316 4210 tu
333 4157 420 4209 mihi
437 4162 551 4207 vestes
567 4159 705 4207 narras?
723 4158 765 4206 In-

282 4226 417 4294 dignantis
440 4225 505 4275 haec
527 4224 694 4290 interrogatio
717 4232 764 4287 est,

281 4296 357 4347 euius
382 4292 503 4359 exempla
524 4291 649 4343 dederunt
666 4293 764 4344 Heus-

281 4363 358 4414 dius
395 4361 505 4427 Specim.
542 4360 624 4410 critic.
655 4376 679 4425 p.
708 4358 764 4411 108.

280 4428 454 4483 Heindorf.
479 4428 512 4481 ad
533 4426 642 4478 Phaedr.
664 4443 690 4492 p.
708 4428 765 4479 111.

814 3341 893 3406 Hipp.
921 3342 984 3392 Mai.
1017 3357 1042 3405 p.
1067 3340 1124 3391 285.
1149 3343 1182 3392 D.
1232 3344 1296 3392 Mox

814 3409 941 3475 apertiore
986 3412 1063 3458 etiam
1107 3409 1296 3475 indignationis

814 3477 1004 3561 significatione
1027 3476 1121 3526 dicitur
1145 3477 1213 3527 Ποῖα
1231 3474 1294 3527 dac·

815 3544 927 3610 δημαια;
947 3547 1075 3607 φλυαρεῖς
1093 3546 1174 3610 έχων;
1192 3546 1223 3595 de
1244 3562 1295 3610 qua

814 3614 925 3664 formula
938 3629 962 3662 v,
975 3613 1149 3663 Hermann.
1163 3615 1194 3663 ad
1207 3615 1295 3678 Vigor.

814 3698 838 3746 p.
857 3678 914 3731 777.
940 3682 1114 3732 Matthiae.
1134 3683 1178 3732 Gr.
1197 3684 1220 3743 ξ.
1237 3681 1295 3734 567.

815 3749 970 3798 Germanico
981 3749 1047 3799 haec
1058 3751 1095 3800 ita
1108 3747 1211 3801 reddas:
1237 3749 1297 3800 Was

814 3817 873 3866 host
881 3816 918 3866 da
929 3833 989 3880 aar,
1006 3817 1067 3867 οίαεε
1079 3818 1116 3868 da
1127 3819 1191 3869 doct
1207 3819 1297 3868 immer

814 3902 863 3934 oon
886 3881 1008 3935 Sotaden
1035 3885 1195 3937 schwataeat?
1228 3888 1297 3936 Ante

815 3949 861 4002 τὸν
879 3951 1037 4014 σκυτοτόμον
1053 3954 1118 4013 tows
1136 3971 1160 4015 μ.
1180 3953 1202 4003 δ.
1221 3970 1296 4005 nemo

815 4020 936 4086 copulam
970 4020 1137 4085 desiderabit,
1172 4024 1217 4087 qui
1244 4040 1298 4073 me·

814 4090 919 4143 minerit
958 4089 1132 4141 membrorum
1166 4090 1296 4156 paralleli-

815 4173 899 4207 smum
917 4158 1051 4220 aspernari
1068 4157 1151 4209 solere
1171 4159 1296 4210 orationis

814 4222 929 4274 vincula.

849 4293 879 4341 E.
897 4286 1009 4342 Ὡςᾰει
1026 4287 1297 4362 vacceiam-1
1361 4330 1364 4335 -

816 4361 847 4409 In
868 4358 966 4408 talibus
984 4356 1020 4410 oie
1038 4360 1202 4411 exclamandi
1219 4362 1298 4414 habet

815 4426 1045 4494 significationem:
1064 4429 1105 4478 Ut
1121 4434 1155 4478 tu
1173 4446 1297 4497 semper
