3242 5259
281 609 320 662 ιι
529 685 532 690 Ι
633 601 934 662 raomeonnrs

279 772 394 849 publice
421 772 555 830 iunctum
583 790 646 830 esse
675 771 840 830 clarissimis
860 771 957 832 verbis
985 771 1166 831 testificetur.
1210 772 1297 832 Post·

279 877 367 935 quam
387 857 465 916 euim
485 858 573 915 Polus
592 856 759 915 iracundius
780 857 808 915 ei
829 858 902 915 haec
921 856 1011 916 dixit.
1029 850 1151 915 01}st
1114 875 1168 914 οιιι
1189 851 1294 934 ἐξελη-

279 927 479 1044 λέγχθιιι,
453 963 478 1000 ω
499 934 719 1045 Σώκρατες,
701 961 776 1001 οταν
803 945 932 1001 τοιαῦτα
958 934 1108 1021 λέγῃς,ι
1088 963 1109 998 ιι
1129 934 1228 1010 οὐδεὶς
1258 936 1296 999 dr

279 1025 397 1106 φήσειεν
417 1020 606 1106 drdpaiucsm
634 1022 729 1084 inei
716 1029 786 1106 ιροῠ
807 1048 875 1085 τινα
895 1024 1044 1085 contari:
1070 1025 1121 1084 ille
1147 1025 1242 1084 faoete
1264 1031 1295 1086 ot

279 1112 419 1171 urbane
410 1132 443 1169 m
461 1111 570 1169 talibus
596 1109 762 1184 significans
790 1131 850 1168 non
877 1110 1059 1184 singulorum
1085 1110 1297 1185 nrffragatione

280 1217 352 1293 opus
374 1216 452 1267 esse,
480 1194 624 1274 siquidem
644 1194 754 1255 veritas
773 1196 921 1255 rationum
940 1197 1082 1271 pondere,
1110 1213 1170 1253 non
1191 1196 1295 1254 suffia·

279 1282 393 1356 giorum
413 1299 533 1339 numero
555 1284 756 1354 cognoscatur,
785 1281 908 1386 ideoque
933 1281 1023 1340 talem
1042 1280 1225 1355 rogationem
1246 1283 1295 1340 de·

279 1386 409 1443 precans,
422 1353 462 1424 Ὦ
482 1363 583 1437 Haila,
604 1363 710 1443 inquit,
731 1385 784 1423 oon
806 1363 866 1441 εἶν’
845 1387 868 1423 ιι
888 1367 950 1424 τῶν
970 1365 1141 1439 πολιτικῶν,
1160 1364 1210 1424 και
1231 1362 1294 1424 πέ-

280 1471 373 1528 ρυσι
393 1444 611 1526 βουλιυων,
638 1444 779 1526 ιιπειιιητ
760 1471 779 1526 η
800 1446 882 1529 φυλὴ
903 1445 1083 1552 ἐπρυτάνευε
1107 1448 1157 1508 ιιιιὶ
1178 1444 1239 1509 ἔδει
1257 1471 1295 1528 με

281 1531 480 1615 ἓ,πιψηφίζιιν
501 1529 653 1637 γέλωτα
672 1538 858 1638 παρεῖχον
876 1533 926 1592 noi
948 1529 1001 1593 οὐκ
1026 1528 1205 1613 ἠπιστάμην
1225 1531 1293 1594 ἔπι

280 1617 434 1700 ψηφίζιιν
470 1616 514 1696 μὴ
541 1639 595 1677 ουν
621 1614 701 1695 μηδὲ
729 1621 782 1676 νῦν
808 1639 847 1696 με
873 1614 970 1678 κέλευε
1001 1616 1192 1699 ἐπιψηφίζειν
1223 1617 1296 1690 τούς

280 1700 442 1785 παρόντας.
464 1703 529 1765 Quo
550 1703 667 1782 quidem
687 1707 851 1780 temporum
869 1703 977 1762 indicio
997 1704 1073 1762 nihil
1092 1703 1212 1764 videtur
1231 1724 1294 1763 osae

279 1809 364 1865 posse
383 1789 557 1849 evidentius.
599 1789 722 1848 Frustra
742 1787 821 1847 enim
850 1808 944 1865 nuper
963 1788 1141 1849 exstiterunt
1161 1789 1216 1868 qui
1235 1809 1294 1847 non

280 1874 448 1950 epistasiam
467 1873 549 1931 illam
569 1872 696 1932 Socratis
717 1872 872 1947 significari
898 1878 1037 1950 putarent
1059 1893 1077 1932 a
1096 1874 1294 1950 Xenophonte

280 1959 428 2018 lucidente
448 1957 623 2034 descriptam
643 1963 673 2016 et
694 1957 808 2034 abipso
822 1959 940 2018 Socrate
960 1958 993 2015 in
1006 1957 1151 2034 Apologia
1163 1959 1294 2018 Platonis

280 2049 441 2114 narratam,
470 2044 522 2102 sed
550 2042 647 2117 potius
669 2042 755 2100 aliam
784 2062 905 2121 eamque
932 2043 1072 2102 incertam
1098 2048 1130 2102 et
1157 2063 1176 2100 a
1194 2063 1294 2103 reram

280 2129 468 2205 scriptoribus
502 2126 618 2186 silentio
645 2127 859 2199 transmissam,
897 2147 985 2206 quam
1018 2127 1195 2188 sententiam
1221 2129 1295 2187 mna

280 2233 369 2290 prope
402 2213 575 2270 iudiciorum
604 2211 791 2270 consensione
817 2212 943 2288 amplexi
971 2218 1041 2271 sunt
1068 2213 1294 2291 Sybrandus

280 2317 315 2356 ac
336 2297 574 2372 Voegelinus
594 2296 625 2354 ll.
647 2315 686 2354 co,
707 2302 738 2356 et
757 2316 852 2372 nuper
871 2297 1054 2355 Munkius
1074 2297 1094 2355 l.
1116 2315 1140 2355 c.
1160 2317 1190 2374 p.
1215 2302 1292 2370 125,

280 2383 336 2442 hoc
355 2383 402 2441 usi
422 2384 607 2456 argumento,
636 2382 714 2459 quod
742 2382 819 2457 apud
841 2381 993 2441 Platonem
1019 2382 1051 2449 in
1072 2381 1180 2456 Gorgia
1198 2402 1292 2441 sermo

280 2470 319 2529 sit
339 2470 375 2527 de
396 2488 427 2527 re
448 2486 588 2545 perquam
613 2465 735 2525 ridicula
756 2472 786 2526 et
805 2469 958 2542 probrosa,
987 2486 1077 2545 quum
1098 2466 1140 2525 ibi
1161 2467 1293 2527 Socrates

281 2558 373 2614 semet
393 2554 490 2631 ipsum
510 2553 644 2611 ostendat
662 2551 695 2609 in
708 2551 934 2610 administrando
954 2571 1075 2610 munere
1093 2551 1210 2627 publico
1223 2553 1294 2610 adeo

279 2639 417 2698 stolidum
438 2643 469 2696 et
489 2637 622 2712 ineptam
634 2636 733 2708 iniisse,
754 2642 788 2695 ut
808 2637 879 2695 adeo
892 2636 993 2714 populi
1004 2636 1187 2695 multitudini
1200 2637 1292 2696 nsum

280 2723 427 2794 debuerit,
448 2722 526 2796 apud
539 2722 766 2796 Xenophontem
787 2726 886 2780 autem
906 2727 936 2780 et
955 2721 987 2778 in
1006 2721 1150 2798 Apologia
1162 2722 1293 2782 Platonis

281 2811 385 2880 agatur
404 2807 441 2864 de
461 2805 586 2880 sapienti
612 2805 742 2863 eiusdem
769 2805 898 2864 muneris
925 2806 1188 2879 administratione,
1218 2825 1292 2885 quse

280 2890 435 2963 singularis
457 2889 607 2947 cuiusdam
636 2889 815 2948 constantiae
843 2896 874 2948 et
892 2891 1073 2951 fortitudinis
1093 2891 1292 2951 testimonium

280 2974 455 3046 exhibuerit,
477 2972 710 3051 quandoquidem
730 2994 823 3047 uuus,
845 2976 948 3034 ceteris
970 2976 1102 3035 omnibus
1123 2977 1173 3035 vel
1192 2975 1293 3053 populi

281 3059 433 3135 cupiditati
461 3059 509 3118 vel
536 3058 703 3118 necessitati
732 3059 916 3131 cedentibus,
944 3061 1088 3134 gravitate
1115 3080 1169 3120 sua
1196 3061 1292 3138 prehi-

280 3144 392 3215 buerit,
420 3142 574 3221 quominus
595 3144 630 3201 de
652 3143 774 3203 ducibus
795 3145 936 3205 accusatis
956 3145 1086 3224 iniquius
1106 3150 1291 3206 statueretur.

280 3229 425 3289 Nimirum
444 3227 503 3286 ista
522 3227 634 3286 ratione
661 3228 706 3286 illi
732 3229 835 3288 tollere
863 3249 896 3287 ac
922 3249 1072 3290 removere
1101 3231 1197 3290 conati
1223 3237 1292 3292 sunt

156 3320 159 3328 ’
280 3316 358 3393 quod
378 3332 437 3372 non
457 3311 576 3391 quidem
596 3313 725 3371 Platonis
746 3313 975 3387 sanctionibus,
1003 3317 1054 3373 sed
1082 3314 1143 3373 suis
1161 3315 1291 3391 ipsorum

279 3399 463 3477 opinionibus
497 3416 656 3475 sanequam
682 3397 840 3473 plurimum
868 3400 982 3458 officere
1010 3400 1292 3460 animadvertissent.

281 3490 324 3545 At
345 3485 422 3544 enim
442 3503 512 3544 vero
531 3502 584 3542 nos
604 3481 722 3560 quidem
742 3483 767 3542 si
788 3483 858 3560 qnid
878 3483 1005 3542 iudicare
1024 3503 1189 3561 possumus,
1211 3506 1291 3544 mero

280 3570 324 3628 illi
346 3568 488 3628 arbitratu
507 3568 657 3626 finxcrrmt
683 3569 761 3645 quod
780 3587 876 3645 neque
903 3587 955 3644 per
979 3588 1010 3627 se
1037 3570 1098 3627 ullo
1125 3570 1211 3627 modo
1230 3590 1291 3629 cre-

278 3654 366 3715 dibile
387 3659 441 3725 eat,
461 3652 632 3729 praesertim
645 3652 785 3712 historiae
798 3653 973 3712 testimoniis
993 3653 1174 3730 destitutum,
1195 3674 1292 3734 neque

278 3745 313 3800 ut
340 3739 555 3812 contingeretur
581 3756 791 3816 usquequaque
820 3739 1014 3797 necessarium
1038 3739 1105 3798 fuit
1154 3740 1232 3797 Nam
1258 3745 1293 3800 ut

278 3825 354 3884 nihil
375 3826 411 3883 de
431 3842 465 3881 eo
479 3822 616 3894 dicamm
637 3823 714 3900 quod
726 3842 786 3881 non
804 3822 891 3882 facile
904 3823 1086 3898 intelligitur,
1106 3843 1166 3902 qua
1177 3825 1291 3884 ratione

279 3911 411 3969 Socrates
432 3926 463 3967 se
483 3907 515 3965 in
537 3906 764 3966 administrando
786 3907 927 3985 epiatatae
947 3928 1067 3968 munere
1081 3910 1149 3967 dere
1162 3910 1293 3985 potuerit

278 3999 340 4055 tam
359 3993 499 4070 turpiter,
529 3992 594 4070 quis
615 4011 724 4070 quaeso
752 3991 808 4051 sibi
828 3993 1028 4068 persuadebit,
1057 3993 1082 4052 si
1103 3993 1154 4052 ille
1173 3992 1206 4052 in
1232 3994 1291 4054 isto

277 4080 393 4155 negotio
415 4097 477 4138 sese
497 4083 558 4137 tam
585 4077 700 4136 fatuum
721 4081 752 4136 et
778 4076 903 4136 inertem
922 4077 1128 4154 praestitisset,
1158 4080 1291 4138 futurum

277 4165 383 4236 ruisse,
412 4169 447 4224 ut
466 4162 496 4221 id
517 4156 610 4221 semel
632 4166 749 4221 tautum
768 4169 977 4221 memoraretur
1000 4182 1097 4240 neque
1122 4163 1291 4223 idemtidem

279 4252 315 4308 ab
336 4246 522 4327 antiquitatis
549 4245 737 4322 scriptoribus
764 4246 949 4306 sammua?
976 4248 1121 4308 Nimimm
1141 4249 1200 4307 fuit
1219 4268 1291 4308 sane

277 4334 349 4392 haec
369 4335 401 4391 in
421 4333 548 4408 gerenda
566 4330 714 4407 republica
735 4331 860 4390 Socratis
888 4331 1004 4391 inscitia
1032 4335 1103 4392 adeo
1123 4333 1289 4407 singularis,

278 4423 313 4477 ut
332 4419 364 4475 in
384 4421 502 4494 promtu
520 4417 560 4479 sit
579 4437 638 4475 non
659 4416 742 4475 modo
764 4415 890 4477 Scantia
908 4416 1015 4494 ipsius,
1041 4418 1202 4477 sedetiam
1223 4437 1289 4478 aca-
