3242 5259
335 614 395 667 ιιι
694 691 696 696 ⁸
746 611 944 672 ςιινοιιις

333 772 514 848 κινδύνων,
545 771 607 853 ιλμὶ
636 770 670 836 δὲ
699 772 750 837 λιτὶ
779 781 824 854 τῷ
853 772 1043 858 βουλομένῳ
1070 770 1174 856 ὥςπερ
1195 774 1230 838 οἱ
1247 779 1348 858 ἄτιμοι

279 872 311 936 D
333 879 392 933 τοῦ
412 867 591 945 ἐθέλοντος,
619 873 661 934 ἄν
680 893 713 934 τε
734 871 864 935 τύπτειν
885 873 1052 954 βούληται,
1079 874 1116 936 τὸ
1138 872 1292 936 νεανικὸν
1311 871 1348 955 δὴ

334 973 431 1032 τούτο
448 977 506 1032 τοῦ
524 976 584 1030 σού
605 968 716 1050 λόγου,
738 966 789 1032 ἐπὶ
810 967 938 1051 κόῤῥης,
960 967 1018 1033 ἐοίν
1037 991 1071 1032 τε
1090 973 1239 1054 χρήματα
1259 969 1349 1051 eique·

333 1070 477 1147 ρεΐσθαι,
507 1063 564 1128 ἒοίν
592 1087 624 1128 τε
652 1063 816 1147 ἐκβάλλειν
844 1066 880 1130 ἐκ
907 1076 964 1149 τῆς
983 1067 1124 1146 πόλεως,
1154 1067 1214 1132 ἐάν
1234 1090 1286 1147 τε,
1315 1070 1350 1131 τδ

333 1163 481 1245 ἔσχατον,
511 1164 713 1239 ἀποκτεῖναι,
748 1163 802 1228 καὶ
829 1163 914 1228 οὕτω
942 1165 1125 1229 διοικεῖσθαι
1153 1164 1350 1248 κύντατδὴ

334 1262 496 1344 αἴσχιστόν
526 1261 628 1337 ἐστιν,
658 1261 701 1335 ὡς
731 1262 749 1326 ὁ
776 1262 833 1337 σὸς
859 1263 962 1344 λόγος.
992 1261 1010 1324 δ
1037 1261 1072 1325 δὲ
1099 1260 1140 1344 δὴ
1163 1262 1241 1346 ἐμὸς
1261 1262 1349 1337 δςτις,

334 1361 487 1435 πολλάκις
506 1359 566 1442 μὲν
585 1360 647 1442 ἤδη
666 1360 795 1442 εἴρηται,
818 1359 914 1435 οὐδὲν
935 1357 969 1423 δὲ
988 1361 1106 1423 κωλύει
1125 1361 1181 1424 καὶ
1202 1357 1249 1425 ἔτι
1268 1357 1349 1440 λέγι-

334 1463 426 1521 σθαι·
449 1461 489 1521 ού
510 1480 602 1540 φημι,
635 1448 661 1520 ὦ
684 1459 878 1537 Καλλίκλεις,
907 1460 944 1521 τδ
963 1458 1140 1520 τύπτεσθαι
1159 1457 1214 1522 ἐπὶ
1234 1456 1350 1540 κόβρης

282 1559 311 1624 Ε
334 1555 451 1630 ἀδίκως
479 1555 641 1640 αἴσχιστον
672 1549 771 1635 εἶναι,
803 1554 879 1620 ούδέ
905 1577 943 1637 γε
970 1557 1007 1618 τδ
1028 1551 1202 1637 τέμνεσθαι
1222 1559 1298 1619 ούτε
1316 1555 1350 1619 τδ

333 1742 371 1790 ite
391 1744 421 1790 ut
441 1738 474 1791 ed
496 1741 548 1790 τῶν
571 1742 658 1803 φιλαν
683 1756 780 1790 novum
807 1738 932 1805 quiddam
957 1738 1073 1793 eeeedet.
1121 1739 1217 1790 Latino
1238 1739 1348 1790 dixeris:

333 1822 439 1872 neque
461 1809 540 1857 mihi
562 1809 629 1874 ipsi
645 1823 750 1873 neque
768 1810 923 1873 cuiquam
941 1809 1116 1858 amicerum
1135 1813 1194 1857 eut
1210 1808 1348 1858 familie·

333 1877 423 1925 rium.
457 1877 552 1925 Veram
570 1892 627 1926 esse
644 1876 712 1927 hene
729 1877 856 1926 rationem
874 1877 998 1926 evincunt
1014 1875 1062 1925 ille
1078 1891 1103 1940 p.
1120 1873 1181 1926 509.
1198 1875 1234 1925 B:
1254 1872 1290 1941 μὴ
1306 1872 1347 1925 δύ-

336 1945 432 1993 νασθαι
455 1945 572 2008 βοηθεῖν
588 1942 650 2010 μήτε
668 1944 753 2011 ἑαυτῷ
770 1941 833 2010 μήτε
851 1950 905 1995 τοῖς
922 1940 1006 1994 αύτοῦ
1021 1945 1110 2006 -φιλοις
1129 1960 1155 1992 ιο
1172 1944 1217 1992 καλ
1236 1943 1347 2002 οἰκείοις,

333 2012 379 2062 ubi
396 2028 449 2061 non
467 2019 506 2062 est
523 2013 648 2076 seriptum
666 2009 727 2078 μήτε
746 2018 798 2065 τοῖς
817 2011 933 2063 οἰκείοις.

384 2079 440 2130 τοῦ
458 2078 652 2146 ἐθέλοντος]
677 2080 784 2130 seclusit
801 2080 932 2145 Hirschig.
949 2084 979 2128 ut
996 2083 1154 2143 suspectum.

382 2149 415 2199 D.
450 2146 484 2196 τδ
508 2145 665 2198 νςανικδν
688 2144 725 2214 δὴ
743 2147 850 2214 τοῦτο]
874 2144 972 2197 Βας.2,
989 2145 1059 2196 Fler.
1077 2163 1103 2196 x.
1122 2143 1150 2195 ιδ
1170 2164 1193 2196 ν.
1214 2142 1249 2212 δὴ
1267 2145 1346 2206 τοῦτο,

333 2214 361 2266 τὸ
380 2215 425 2266 τού
444 2215 493 2265 σού
512 2218 531 2265 λ.
549 2216 675 2281 probante
692 2215 852 2266 Heindorfio.

382 2284 413 2334 Ε.
448 2279 571 2337 ἀδίκως
594 2285 769 2347 αἴσχιστον
792 2276 898 2350 εἶναι]
922 2283 953 2332 V.
979 2277 1114 2346 αἴσχιστόν
1132 2277 1151 2330 τ’
1173 2274 1246 2331 εἶναι
1263 2282 1347 2331 invitis
1390 2308 1393 2312 ·

332 2350 405 2404 οοδδ.
428 2353 532 2417 optimis
554 2358 581 2403 et
603 2352 730 2418 plurimis.
764 2353 829 2402 Mox
851 2366 899 2417 pro
922 2349 994 2417 vulg.
1014 2346 1171 2414 βαλλάντιον
1189 2349 1271 2400 Οοίςλ.
1288 2351 1349 2400 Veu.

366 2522 436 2583 ςίμλ
462 2521 497 2572 δὲ
522 2520 576 2571 ἐπὶ
595 2526 637 2588 τῷ
656 2519 815 2586 βανλομέ-
868 2519 992 2570 Callicles
1004 2518 1091 2569 adhue
1104 2519 1219 2582 iuvenis,
1237 2524 1268 2569 ut
1284 2523 1348 2584 petet

335 2608 377 2657 τῳ
394 2590 445 2656 -]
479 2605 549 2641 esee
575 2607 621 2640 me
644 2589 678 2638 in
702 2590 815 2639 cuiue·
867 2603 900 2637 ex
918 2604 943 2652 p.
961 2585 1019 2638 515.
1036 2587 1069 2636 Α.
1097 2588 1139 2636 De
1156 2589 1347 2639 construetione

332 2658 415 2708 libet
436 2664 623 2724 potestate,
650 2657 754 2707 sicuti
772 2658 816 2705 in·
866 2673 892 2706 v.
913 2652 1067 2720 p.514.u:
1097 2651 1125 2703 τδ
1151 2653 1297 2721 λεγόμενον
1319 2653 1346 2718 δὴ

332 2727 434 2781 femie
476 2726 584 2774 noteti
625 2724 816 2774 cuiuslibet
867 2727 949 2773 τοῦτο.
973 2722 1085 2787 Sophiae
1105 2738 1131 2787 p.
1148 2720 1209 2774 241.
1227 2724 1261 2776 D.
1280 2729 1305 2773 et
1322 2721 1345 2771 τὸ

333 2794 473 2843 arbitrio
492 2791 631 2842 obnoxii
649 2794 723 2843 sint
749 2794 816 2843 Nem
868 2790 918 2840 σὸν
946 2788 979 2859 δὴ
1007 2794 1082 2839 τοῦτο
1105 2788 1168 2843 ibid.
1191 2808 1216 2856 p.
1239 2789 1298 2842 233.
1320 2792 1346 2840 B.

332 2853 403 2909 εἶναι
429 2865 473 2908 τοῦ
501 2858 640 2912 ἐθέλοντος
670 2860 765 2910 dieitur
787 2865 817 2910 ut
867 2855 1195 2923 Lucieu.Aeiu.p.586.
1212 2858 1253 2909 ed.
1264 2859 1345 2908 Reitu:

334 2922 403 2977 ςίναι
416 2943 436 2976 e.
449 2927 589 2992 γίγνεσθαι
603 2926 706 2986 ἑαυτοῦ,
721 2928 752 2976 de
764 2943 816 2992 qno
867 2927 969 2988 ἔκρινα,
992 2930 1068 2975 τοῦτο
1091 2922 1125 2991 δὴ
1148 2922 1176 2976 τδ
1200 2931 1249 2977 τοῦ
1265 2924 1346 2993 λύγον,

333 3012 358 3044 v.
376 2994 492 3043 Metth.
516 2994 539 3054 ἓ.
557 2991 616 3045 315.
639 2994 698 3043 οολλ.
717 2997 739 3056 5.
757 2993 816 3046 270.
868 2994 1074 3058 ταλινδρομῆοαι
1103 2994 1211 3052 μᾶλλον.
1252 2995 1291 3044 λιιι
1340 3030 1346 3042 .

333 3061 450 3112 Eandem
485 3060 701 3126 significationem
738 3062 817 3112 hebet
867 3079 892 3127 p.
910 3058 974 3112 46⁷:
992 3058 1176 3122 ὑπεφαίνοντο
1192 3067 1271 3128 γοῦν,
1288 3009 1346 3112 :iugi

334 3129 414 3179 dictio
439 3122 509 3178 εἶναι
535 3126 580 3177 ἐπί
604 3146 664 3188 τινι,
697 3131 731 3178 in
757 3129 817 3178 eli·
868 3126 946 3194 Bq'wi
966 3133 1013 3178 τοῦ
1030 3125 1152 3192 Ὁμήρου,
1176 3127 1300 3192 ἐλέφαντι
1317 3134 1347 3195 τῷ

335 3198 432 3247 euius
455 3201 628 3261 potestate
646 3212 728 3247 esse.
760 3198 817 3247 Xe·
868 3202 967 3264 πριστῷ
995 3193 1086 3256 ὅμοιοι.
1139 3196 1185 3246 Sie
1217 3199 1289 3248 enim
1313 3198 1348 3246 ibi

334 3265 430 3330 noph.
455 3262 571 3315 Anebes.
595 3265 620 3327 1,
643 3264 673 3327 4,
692 3263 723 3315 4:
750 3266 815 3329 βου·
867 3264 1040 3315 scribendum.
1063 3264 1165 3328 Nigr-in.
1190 3267 1213 3326 §-
1234 3263 1284 3316 el:
1309 3266 1347 3314 καλ

333 3331 447 3393 λούεται,
471 3332 544 3385 ὅπως
567 3330 665 3398 μήκοτε
689 3333 724 3382 ἔτι
746 3333 816 3383 ἔσται
868 3338 942 3382 τοῦτο
960 3329 993 3397 δὴ
1017 3332 1067 3394 (eie
1089 3332 1158 3380 enim
1176 3348 1224 3397 pro
1243 3332 1274 3384 δὲ
1290 3333 1348 3398 leg.)

334 3397 815 3468 ἐκλιῷύδςλφῷ,ολιίιι.Κτιιοςςι.
867 3398 894 3449 τδ
923 3398 953 3449 ἐκ
982 3405 1038 3452 ταῖς
1067 3399 1226 3465 τραγῳδίαις
1257 3418 1283 3450 τε
1310 3400 1349 3451 καλ

333 3470 490 3536 iutelligitur
514 3475 599 3520 eutem
623 3470 816 3520 severissimum
867 3466 1015 3534 κωμῳδίαις
1037 3464 1189 3534 λεγόμενον.
1231 3469 1296 3519 Mox
1319 3465 1349 3517 τὸ

330 3534 432 3599 ἀτιμίας
446 3553 537 3602 genus,
555 3537 623 3601 quod
640 3554 712 3587 reum
731 3538 816 3602 ipsum
867 3535 1148 3600 ἔοχατονίιιλολλίςτς
1156 3536 1209 3584 eie:
1225 3536 1258 3586 id
1270 3534 1350 3602 qued

332 3608 439 3672 eiusque
450 3611 565 3670 posteros
582 3607 703 3655 omnibus
720 3605 816 3655 civium
867 3609 1048 3653 extremum
1086 3603 1250 3654 melorum
1284 3610 1348 3656 eet

331 3675 433 3726 iuribus
458 3675 485 3722 in
510 3688 542 3739 pe
588 3679 661 3722 tuum
678 3671 815 3738 privabet3
867 3673 1004 3736 Perpetem
1044 3672 1114 3720 euim
1153 3670 1348 3723 Findeieen.

332 3761 357 3794 v.
369 3744 450 3809 Legg.
462 3741 508 3790 lx.
518 3689 611 3805 print.
624 3741 654 3790 0.
678 3742 718 3790 De
732 3739 816 3790 tribue
866 3741 1049 3804 interpretetur
1077 3736 1220 3788 tandem.
1261 3741 1348 3804 Neque

331 3809 432 3871 ἀτιμίας
447 3810 587 3875 generibus
603 3807 678 3858 docte
695 3809 816 3874 exposuit
868 3807 1011 3858 Fieinue
1032 3811 1102 3856 reete
1123 3807 1265 3857 intellexit
1305 3808 1349 3858 Ce-

332 3881 448 3930 Meier.
485 3876 522 3927 de
553 3874 650 3925 bonis
678 3876 815 3926 demunt
866 3872 1148 3925 terumtotumlueum
1165 3875 1359 3942 interrogetive·

330 3964 356 4013 p.
375 3945 424 3998 101
442 3961 513 4010 seqq.
538 3940 588 3994 137
608 3959 680 4009 seqq.
703 3951 729 3994 et
751 3945 814 3993 Lit.
866 3942 1018 3993 inebeetum
1049 3942 1121 3992 exire
1151 3943 1181 3992 in
1209 3945 1349 3995 orationem

332 4016 432 4066 Attio.
469 4009 551 4063 .563.
867 4011 990 4062 directum
1007 4009 1085 4060 facile
1100 4015 1181 4077 patet.

365 4085 399 4133 Ι).
434 4030 467 4130 ιδ
489 4074 816 4142 νςανικὸνδὴτοῦτο
899 4079 931 4129 Ε.
954 4074 1086 4144 ούδὲγς
1105 4076 1138 4128 τὸ
1156 4075 1349 4144 τέμνεσθαι]

334 4169 352 4200 ι.
372 4167 395 4200 ο.
413 4148 451 4215 λ]
477 4146 561 4213 quod
584 4153 655 4197 eret
677 4147 817 4197 seilicet
867 4146 897 4195 Iu
921 4145 963 4195 bis
987 4144 1140 4205 τέμνεσθαι,
1169 4152 1202 4196 ut
1222 4147 1284 4198 Lat.
1305 4163 1350 4197 ee·

331 4217 483 4268 iuvenile
501 4216 626 4265 dictum
644 4224 738 4265 tuum.
765 4213 817 4264 Sed
867 4215 952 4275 ceri,
974 4213 1099 4275 scindi,
1122 4218 1163 4263 eet
1186 4214 1219 4264 in
1243 4215 1351 4264 truste

336 4283 455 4336 νεανικόν
488 4285 513 4334 λι.
544 4283 560 4331 Ι.
597 4282 816 4349 petulantiae
867 4281 1041 4331 dieeeeuri.
1067 4281 1349 4334 v.Geseuben.ed

332 4354 552 4419 significationem
565 4351 714 4400 edinnetem
728 4349 815 4406 hebet,
867 4350 972 4402 Sueten.
990 4350 1058 4414 Aug.
1076 4364 1098 4400 e
1119 4347 1159 4400 13.
1177 4367 1203 4416 p.
1220 4348 1280 4402 250.
1311 4351 1350 4400 De

333 4430 363 4472 ut
379 4422 448 4471 infre
465 4437 489 4486 p.
507 4417 566 4471 500.
583 4422 614 4469 Δ.
651 4419 713 4468 Erit
730 4425 816 4467 entem
867 4413 1094 4481 βαλαντιοτόμοις,
1117 4433 1184 4482 quoe
1207 4419 1350 4471 Pleutue
