3242 5259
480 619 662 679 GORGIAS.
684 622 717 680 P.
741 625 811 680 452.
835 625 905 688 453.
928 625 973 682 ed.
997 625 1040 683 st.
1229 632 1269 684 99

246 779 368 855 αὐτοῦς
391 782 486 844 ΓΟΡ.
499 775 607 865 Ὅπερ
628 779 724 862 ἔστιν,
746 775 772 847 ὦ
793 785 981 868 Σώκρατες,
1001 796 1040 870 τῇ
1061 786 1197 872 άληθείᾳ
1218 787 1269 870 με’-

245 894 363 960 γιυτυν
392 878 521 959 άγαθὸν
548 879 602 943 καί
631 881 735 946 ιιίτιον
765 882 832 964 άμα
859 883 918 964 μὲν
947 881 1132 965 ἐλευθερίας
1160 887 1271 961 αὐτοῖς

245 981 315 1050 τοῖς
336 975 543 1058 ἀνθρώποις,
574 977 640 1060 άμιι
661 977 695 1042 δὲ
715 989 773 1044 τοῦ
794 983 901 1044 ἄλλων
920 985 1028 1064 ἄρχειν
1049 981 1084 1045 ἐν
1104 991 1145 1065 τῇ
1166 983 1269 1048 αὑτοῦ

246 1074 339 1136 πόλει
368 1071 499 1158 ἑκάστῳ.
551 1078 627 1138 ΣΩ.
663 1077 701 1139 Τί
730 1071 791 1140 οὖν
820 1077 860 1160 δὴ
888 1085 986 1142 τοῦτο
1012 1078 1128 1160 λέγεις;
1172 1087 1204 1144 Γ
1203 1084 1269 1146 ΟΡ.

252 1170 297 1234 Τὸ
318 1171 446 1234 πείθειν
462 1168 552 1252 ἔγωγ’
570 1167 643 1237 ὸῖόν
658 1178 685 1237 ν’
703 1169 786 1238 εἶναι
800 1181 868 1250 τοῖς
882 1179 990 1258 λόγοις
1004 1175 1058 1239 καὶ
1073 1175 1109 1242 ἐν
1124 1180 1268 1262 dinanno]-
1290 1189 1320 1253 E

245 1269 307 1354 ρίῳ
328 1269 480 1344 δικαστάς
496 1271 550 1334 καὶ
564 1269 599 1334 ἐν
614 1273 836 1357 βουλευτηρίῳ
851 1274 1029 1354 βουλευτὰς
1041 1275 1094 1339 καὶ
1109 1276 1145 1340 ἓν
1160 1277 1268 1361 ἐκκλη-

248 1368 302 1452 σίᾳ
323 1365 550 1449 ἐκκλησιυστὰς
580 1368 633 1432 καὶ
654 1369 690 1434 ἐν
710 1374 795 1456 ἄλλῳ
816 1371 961 1457 ξυλλόγῳ
981 1374 1092 1451 παντί,
1123 1373 1206 1450 ὄςτις
1226 1376 1268 1440 ἂν

245 1467 412 1540 πολιτικὸς
432 1464 585 1547 ξάλλυγος
605 1468 760 1550 γίγνηται.
782 1469 886 1532 καίτοι
907 1468 942 1532 ἐν
956 1472 1056 1552 ταύτῃ
1077 1482 1115 1554 τῇ
1134 1473 1269 1556 δυνάμει

245 1563 369 1627 δοῦλον
389 1561 448 1645 μὲν
465 1562 541 1640 ἕξεις
555 1564 613 1629 τὸν
630 1566 751 1647 ἰατρόν,
774 1567 894 1630 δοῦλον
915 1567 949 1630 δὲ
963 1568 1022 1632 τὸν
1039 1570 1266 1653 παιδοτρίβην·

244 1660 320 1724 ὅδὲ
340 1659 553 1744 χρηματιστὴς
581 1652 676 1738 οὗτος
701 1667 787 1749 ἄλλῳ
815 1665 1055 1748 άναφανήσεπαι
1083 1670 1267 1749 χρηματιζό-

244 1780 345 1840 μενος
364 1758 420 1822 ιιαὶ
440 1759 499 1841 οὐχ
519 1758 623 1841 αὐτῷ,
651 1761 731 1825 άλλὰ
759 1762 811 1824 σοὶ
830 1766 876 1849 τῷ
898 1761 1068 1846 δυναμένῳ
1088 1763 1193 1846 λέγειν
1212 1766 1268 1830 καὶ

244 1858 375 1919 πείθειν
393 1855 434 1919 τὰ
455 1858 573 1939 πλήθη.

311 1953 393 2043 Cap.
416 1954 511 2020 VIII.
555 1960 632 2049 Σῼ,
655 1959 733 2022 Νῦν
753 1980 809 2040 μοι
830 1958 935 2033 δοκεῖς
955 1960 1117 2040 δηλῶσαι,
1139 1952 1166 2024 ὦ
1187 1966 1267 2044 Γορ-

243 2055 320 2138 yla,
353 2053 512 2136 ἐγγύτατα
531 2052 592 2137 τὴν
613 2054 785 2138 ῥητορικὴν
806 2055 921 2139 ἥντινα
947 2055 1063 2140 τέχνην
1082 2059 1156 2141 ἡγεῖ
1174 2054 1267 2140 εἶναι,
1288 2071 1351 2136 453

295 2315 329 2364 D.
365 2319 422 2364 τοῦ
445 2309 549 2364 ἄλλων
572 2309 704 2381 ἄρχειν]
727 2315 802 2395 Bodl.
820 2316 927 2366 Routhii
950 2333 997 2382 pro
1021 2323 1067 2368 τοῦ
1086 2315 1171 2368 ἄλλων
1187 2318 1267 2370 habet

240 2455 298 2567 ugo
320 2443 416 2566 ᾅμμων.
440 2449 511 2500 Flor.
535 2466 561 2500 x.
588 2448 636 2516 τὴν
658 2455 710 2500 τῶν
731 2447 818 2500 ἄλλων
841 2403 930 2517 ἄρχίίν.
962 2453 1098 2503 Heindorf.
1124 2455 1192 2503 coni.
1220 2458 1266 2503 τοῦ

241 2536 253 2566 τ
283 2535 299 2566 ν
316 2534 332 2566 υ
363 2535 409 2566 ων.

243 2735 370 2784 Ceterum
398 2731 431 2782 de
457 2733 508 2782 heo
538 2732 649 2798 Gorgiae
676 2749 734 2784 sen·
784 2734 848 2798 ley.
871 2733 904 2784 ad
922 2735 986 2784 Oed.
1004 2737 1067 2799 Tyr.
1088 2751 1114 2785 v.
1131 2733 1191 2788 140,
1217 2735 1267 2785 Se-

243 2802 329 2853 teniie
345 2798 448 2851 Phileb.
474 2816 499 2865 p.
517 2798 559 2851 58.
575 2802 612 2850 A:
636 2797 734 2867 ἢκουον
784 2818 866 2867 gear
896 2802 929 2851 ad
956 2803 1065 2852 Lucien.
1093 2804 1163 2853 Dial.
1187 2805 1266 2854 Deor.

243 2870 298 2935 μὲν
315 2869 398 2934 ἔγωγε
411 2866 531 2918 ἑκάστοτε
542 2869 658 2934 Γοργίου
672 2871 733 2919 πολ·
783 2867 858 2934 p.73.
870 2869 909 2919 ed.
921 2871 1011 2920 Lehm.
1030 2871 1202 2921 Matthiae.
1221 2873 1266 2922 Gr.

244 2935 332 2996 λάκιε,
359 2933 397 2988 nis
416 2932 432 3002 ἡ
450 2941 495 2986 τοῦ
519 2937 625 2985 πείθειν
642 2934 733 3000 (δύνα-
785 2940 807 2998 ξ.
825 2935 883 2988 396.
907 2953 966 2988 nnn
985 2937 1009 2988 2.
1033 2967 1065 2976 -
1097 2935 1111 2989 ὁ
1135 2937 1172 2988 δὲ
1192 2956 1265 3004 χρη-

244 3001 733 3070 moholiozaoipoaeuaoovzezvov·
785 3005 940 3071 μαιισιὴε
977 2998 1075 3057 οὗτος
1105 3006 1200 3055 dictum
1227 3014 1267 3055 est

246 3071 334 3123 πάντα
356 3070 408 3135 γὰρ
434 3067 481 3134 ὑφ’
505 3068 570 3137 αὐτῇ
593 3070 674 3121 δοῦλα
699 3067 731 3121 δι’

245 3138 380 3199 ἑκόντων,
408 3135 459 3188 ἀλλ’
483 3135 516 3188 orl
534 3137 577 3188 dcci
599 3138 659 3202 βιάε
677 3156 734 3188 ποι-

244 3215 302 3259 οῖτο
331 3208 375 3256 καλ
399 3211 491 3273 μακρῷ
519 3210 612 3256 πασῶν
639 3202 734 3271 ἀρίστη

245 3277 293 3340 εἴη
310 3281 364 3325 τῶν
381 3279 481 3337 τεχνῶν.
505 3273 631 3324 Similiter
647 3275 734 3335 Meno,

245 3343 363 3408 Gorgiae
387 3341 545 3407 discipulus,
574 3341 606 3390 de
630 3342 734 3391 virtutis

243 3418 344 3461 nature
374 3410 549 3476 interrogatus
583 3409 610 3458 in
639 3425 734 3474 eogno-

244 3480 318 3530 mine
341 3477 447 3542 dialogo
469 3493 494 3542 p.
515 3474 554 3528 73.
578 3476 608 3527 C.
630 3484 734 3542 respon-

245 3548 305 3598 det:
336 3549 363 3596 τί
383 3540 444 3595 ἄλλο
466 3541 489 3609 γ’
515 3540 532 3610 ἢ
558 3541 648 3608 ἄρχειν
676 3539 735 3593 οἶόν

245 3611 267 3665 τ’
293 3606 364 3664 εἶναι
393 3617 446 3663 τῶν
473 3608 640 3676 άνθρυίπων;
665 3612 733 3662 oonf.

243 3681 356 3733 Phaedr.
373 3695 401 3746 p.
417 3678 476 3732 268.
493 3681 526 3730 A.

279 3817 310 3866 Ε.
334 3816 388 3866 καλ
420 3813 456 3864 ἐν
480 3810 561 3881 ἄλλῳ
585 3810 733 3879 ξυλλόγῳ

245 3884 347 3934 παντὶ
371 3901 395 3934 ιι.
420 3900 440 3932 τ.
462 3880 493 3948 λ]
528 3882 616 3932 Fsoile
639 3881 734 3932 intelli·

245 3966 296 4018 gas
314 3948 376 4005 todo
396 3948 568 4016 συλλεγέντας,
586 3964 671 4013 neque
688 3965 734 4000 on·

244 4019 358 4070 diendns
386 4023 426 4068 esi
451 4017 660 4079 Findeisen.,
689 4017 734 4081 qui

244 4083 330 4137 πάντα
368 4086 413 4136 vol
440 4083 539 4138 πάντας
570 4083 734 4134 scribendum

245 4155 369 4206 oenone
387 4180 423 4191 -
441 4150 477 4202 ίν
500 4149 600 4218 ταύτῃ
623 4156 658 4217 τῇ
682 4150 733 4201 δυ·

247 4221 356 4283 νάμει,
381 4221 443 4271 heo
473 4219 608 4271 dicendi
631 4219 734 4270 fesul-

243 4295 316 4340 λεία
343 4290 553 4350 instructus,
583 4288 620 4338 im
649 4286 735 4338 Βιιίίι

244 4356 328 4409 dieser
358 4353 457 4407 Maelo.
494 4355 562 4408 noni.
591 4355 734 4405 Brnook.

246 4423 281 4475 ad
290 4423 428 4491 Aristoph-
440 4421 508 4477 Plus
521 4439 548 4474 v.
558 4420 616 4477 768.
633 4422 734 4473 Elms·

784 3078 996 3123 cumcontemiu:
1013 3074 1266 3124 feneratorvero

784 3140 865 3202 iste,
888 3156 982 3204 quem
1006 3147 1135 3191 ceteros
1158 3157 1266 3191 omnes

785 3207 956 3272 despicere
973 3207 1118 3259 dioebas.
1157 3211 1198 3258 De
1215 3209 1266 3259 hoo

784 3290 835 3324 usu
847 3277 1008 3339 pronominis
1021 3269 1097 3328 οὗτος
1108 3293 1132 3324 v.
1147 3276 1266 3342 Sympos.

784 3357 809 3406 p.
828 3341 885 3392 181.
903 3345 932 3392 E.
952 3343 1050 3392 Criton.
1067 3359 1092 3406 p.
1109 3342 1150 3394 45.
1168 3345 1200 3392 A.
1217 3344 1266 3393 ibi·

785 3425 836 3474 que
866 3417 953 3460 annot.
1001 3410 1102 3460 Deinde
1130 3426 1163 3459 ne
1190 3426 1266 3474 quem

785 3477 899 3528 offendat
915 3479 1022 3528 iteratus
1039 3478 1085 3526 ille
1102 3477 1205 3527 dativus
1224 3481 1269 3528 ool

785 3550 844 3610 post
861 3543 941 3612 ἄλλῳ,
965 3551 1025 3611 apte
1042 3546 1266 3595 Heindorfins

785 3615 945 3678 comparavit
977 3629 1002 3678 p.
1025 3611 1083 3664 521.
1108 3615 1141 3663 D.
1163 3615 1199 3663 E:
1233 3608 1265 3663 νά

786 3679 854 3743 πρὸς
876 3679 954 3746 χάριν
976 3679 1059 3746 λέγων
1081 3677 1140 3732 τοὺς
1164 3679 1266 3747 λόγους,

785 3744 832 3800 oin
856 3749 919 3813 λέγω
949 3746 1082 3806 ἑκάστοτε,
1111 3745 1173 3798 ἀλλὰ
1201 3745 1268 3811 πρὸς

786 3814 814 3865 τὸ
827 3814 968 3879 βέλτιστον,
988 3812 1019 3865 orl
1033 3813 1100 3877 πρὸς
1114 3815 1141 3866 τὸ
1153 3813 1269 3880 ἣδιστον.

786 3883 888 3933 Similia
904 3884 977 3947 legas
994 3899 1018 3948 p.
1037 3881 1095 3934 454.
1114 3884 1143 3933 C.
1160 3881 1219 3933 456.
1235 3884 1269 3932 D.

784 3948 842 4001 464.
861 3950 890 4001 C.
915 3950 974 4002 514.
991 3954 1023 4000 A.
1040 3953 1144 4016 Proteg.
1168 3966 1193 4015 p.
1210 3947 1269 4000 344.

785 4019 817 4067 D.
836 4018 916 4084 Legg.
935 4019 969 4068 Il.
987 4035 1012 4083 p.
1022 4017 1079 4069 672.
1098 4015 1270 4068 A.V11.822.

785 4086 817 4134 A.
834 4087 867 4135 X.
885 4084 943 4136 889.
961 4087 992 4134 Ε.
1064 4083 1072 4096 ’

837 4219 901 4283 Cap.
941 4220 1013 4269 VIII.
1067 4220 1267 4284 δηλῶσαι-

785 4283 956 4353 ἐγγιίταια]
1009 4287 1042 4336 Η.
1081 4303 1102 4335 e.
1149 4288 1198 4334 ita
1235 4290 1271 4334 ut

784 4354 931 4434 prosime
976 4354 1014 4404 ad
1058 4370 1122 4403 rem
1161 4368 1271 4404 noces-

785 4437 887 4472 seris.

1032 4517 1070 4570 Ἠ
