3242 5259
462 593 646 655 GORGIAS.
667 598 701 656 P.
724 601 795 657 465.
819 602 889 657 456.
911 600 956 657 ed.
980 599 1022 660 St.
1192 605 1248 660 111

301 753 382 842 Gap.
405 755 468 823 XI.
513 762 545 821 Γ
545 760 609 822 ΟΡ.
632 760 675 822 Εἰ
695 759 801 823 πάντα
822 781 858 841 γε
879 761 1002 843 εἰδείης,
1024 753 1050 824 ὦ
1070 761 1252 843 Σώκρατες,

234 849 304 930 ὅτι,
334 855 378 928 ὡς
403 850 479 930 έπος
507 857 622 932 εἰπεῖν,
657 856 782 933 ἁπάσας
801 859 858 932 τὰς
878 859 1028 942 δυνάμεις
1047 861 1253 941 συλλαβοῦσα

230 943 288 1032 ὑφ’
319 952 403 1034 αὕτη]
431 949 509 1034 ἔχει·
541 950 623 1035 μέγα
651 953 685 1017 δέ
717 971 769 1019 σοι
796 958 967 1039 τεκμήριον
994 955 1072 1036 ἐρῶ·
1099 958 1252 1033 πολλάκις
1271 961 1302 1025 Β

230 1048 297 1130 γὰρ
317 1049 379 1132 ἤδη
399 1046 499 1133 έχωχε
518 1049 596 1133 μετὰ
617 1061 675 1115 τοῦ
703 1053 847 1135 ἀδελφοῖν
875 1053 928 1117 καί
955 1054 1033 1136 μετὰ
1060 1059 1126 1118 τῶν
1146 1059 1252 1119 ἄλλων

232 1148 354 1227 ἰατρῶν
385 1147 537 1222 εἰςελθὼν
560 1150 648 1228 καροῖ
676 1173 748 1214 τινα
774 1156 841 1214 τῶν
868 1153 1060 1234 καμνόντων
1086 1152 1157 1235 ούχί
1183 1150 1251 1216 ἐθέ-

231 1237 377 1324 λονται]
404 1245 579 1328 φάρμακον
605 1251 690 1310 πιεῖν
719 1241 863 1330 βτεμελν
891 1244 912 1329 ν]
938 1256 1057 1314 καῦσαι
1077 1257 1252 1332 παρασχεῖν

231 1349 278 1422 τῷ
300 1341 410 1422 ἰατρῷ,
432 1343 472 1407 οὐ
493 1342 678 1426 δυναμένου
699 1354 758 1408 τοῦ
779 1345 892 1429 ἰατροῦ
912 1353 1027 1425 πεῖσαι,
1050 1346 1111 1428 ἐγὼ
1132 1344 1251 1424 ἔπεισα,

232 1440 295 1503 οὐκ
315 1442 396 1521 ἄλλη
426 1439 518 1524 τέχνη
549 1434 572 1522 ι]
599 1451 638 1524 τῇ
660 1441 823 1525 ῥητορικῇ.
856 1442 938 1526 φημὶ
958 1442 991 1507 δέ
1011 1443 1066 1508 καὶ
1094 1446 1138 1520 εἰς
1157 1448 1252 1510 πόλιν

232 1531 310 1603 ὅποι
340 1538 452 1618 βούλει
480 1535 619 1603 ἐλθόντα
645 1539 817 1622 ῥητορικὸν
846 1542 950 1621 ἄνδρα
978 1541 1033 1605 καί
1062 1543 1191 1624 ἰατρόν,
1225 1544 1253 1606 εἰ

286 1715 338 1782 ὑφ’
359 1715 438 1785 αὑτῇ
457 1721 534 1784 ἔχει·
557 1720 642 1788 μέγα
666 1721 700 1771 δέ
724 1738 775 1772 σοι
793 1722 824 1789 n]
848 1724 984 1774 Beklrcrns
1007 1729 1066 1791 post
1094 1726 1144 1790 ἔχει
1165 1725 1252 1792 posuit

232 1786 340 1852 signum
359 1787 565 1838 exclamationis.

261 1855 313 1970 ‘g'
330 1862 445 1974 geum
463 1852 479 1922 ἢ
496 1861 616 1906 καῦσαι
636 1856 837 1924 παρασχεῖν]
857 1866 1000 1923 παρασχεῖν
1017 1865 1112 1910 καῦσαι
1130 1857 1145 1926 ἢ
1164 1868 1252 1921 τεμεῖν

232 1923 362 2039 vmiirol
379 1986 505 2058 βούλει]
528 1990 572 2042 sio
596 1992 656 2042 Par.
674 1992 732 2044 1w.
752 1992 830 2043 vind.
847 1992 886 2057 6.,
910 1995 978 2059 quod
1001 1995 1150 2046 coniecerat
1171 1997 1252 2048 Hein-

232 2158 267 2208 ad
294 2161 388 2209 urbem
414 2159 600 2224 pertinentium
635 2161 718 2211 muni·
770 2161 814 2212 cit.
839 2162 1006 2228 Comparavit
1031 2164 1251 2216 Heindorlius

231 2232 322 2276 menta
345 2242 480 2292 superesse
502 2235 653 2291 narrantur,
687 2229 719 2278 de
770 2230 901 2295 Aristoph.
924 2230 1010 2281 Nubb.
1034 2248 1058 2281 v.
1077 2230 1136 2284 432.
1154 2234 1250 2299 Vespp.

232 2311 285 2358 qua
304 2310 332 2344 re
351 2311 375 2344 v.
395 2295 492 2345 Ottlr.
509 2296 662 2348 Mueller.
685 2296 719 2346 ad
770 2313 795 2347 v.
814 2295 872 2348 594.

230 2363 329 2412 Lealrii
355 2364 567 2430 'l'opographiom
592 2364 717 2415 Athenar.
803 2365 867 2430 Cap.
883 2364 930 2418 XI.
966 2365 1011 2416 Εἰ
1028 2364 1132 2416 πάντα
1154 2384 1190 2434 χε
1206 2367 1250 2417 εἰ·

230 2428 333 2495 p..46‘1
358 2445 437 2495 seqq„
463 2431 491 2480 id
513 2431 617 2482 facilem
639 2431 719 2483 habet
771 2431 1042 2499 δειήο-ἔχει·-]
1060 2434 1176 2500 Intelligi
1192 2441 1250 2498 pot·
1274 2497 1276 2500 Α

231 2497 437 2563 explicationem
462 2515 496 2548 ex
512 2515 556 2561 eo,
581 2498 649 2564 quod
666 2516 718 2550 me·
769 2506 809 2550 est
839 2518 853 2550 e
882 2502 1057 2565 superioribus
1087 2503 1129 2550 καλ
1153 2503 1250 2562 μᾶλλον

231 2565 292 2616 <lius
309 2581 400 2616 murus
418 2574 520 2630 postero
541 2573 663 2634 tempore,
679 2569 718 2617 in·
769 2568 804 2616 έτι
824 2583 865 2617 σοι
881 2564 1057 2628 καταφαιίισιτ’
1081 2566 1115 2618 ἂν
1137 2568 1248 2635 τοιαύτη,

230 2640 332 2684 certum
362 2633 477 2698 quando,
505 2634 606 2688 dirutus
634 2640 659 2685 et
685 2635 718 2686 ad
769 2634 838 2699 quod
865 2636 893 2684 in
926 2635 975 2685 hoc
1002 2637 1128 2687 sermonis
1155 2654 1250 2702 genere

231 2701 405 2752 instauranda
417 2703 564 2766 antiquiora
574 2702 719 2753 etfirmiora
769 2708 837 2752 recte
855 2703 937 2752 omitti
955 2705 1046 2768 potuit.
1069 2705 1127 2756 Nisi
1143 2705 1209 2756 forte
1227 2705 1254 2755 εἰ

232 2774 394 2820 commeatus
414 2769 545 2834 praesidia
569 2777 718 2821 consumtus

232 2844 279 2899 est,
298 2836 437 2888 ruderibus
460 2839 516 2889 eius
532 2837 614 2889 nullis
632 2854 720 2904 super·

232 2903 340 2956 stitibus
354 2905 421 2965 ideo,
439 2906 501 2970 quis
518 2907 623 2957 omnino
633 2909 718 2956 minus

233 2972 328 3024 habuit
364 2972 527 3024 firmamenti.
569 2973 621 3024 Seri
653 2974 719 3025 haec

233 3041 294 3092 date
317 3041 357 3092 rei
379 3041 547 3106 exponendae
569 3043 719 3107 opportuni·

232 3115 286 3160 tate
315 3124 395 3173 quam
431 3109 599 3172 brevissime,
631 3125 719 3174 qnam·

231 3192 361 3295 tells?
378 3176 629 3295 salterelli
650 3178 719 3295 {2331

232 3329 290 3363 rum
319 3309 456 3362 doctorum
486 3310 659 3363 dubitationes
694 3318 720 3362 et

232 3379 438 3441 controversias,
460 3378 604 3444 dequibus
622 3396 645 3429 v.
663 3381 720 3430 Va·

232 3448 343 3498 lesins
370 3446 404 3497 ad
431 3448 584 3512 Harpocrat.
608 3449 719 3500 Tiber.

234 3515 465 3566 Hemsterhus.
493 3514 619 3566 Anccdot.
643 3518 675 3566 Τ.
697 3516 718 3565 L

232 3601 256 3649 p.
275 3580 328 3634 233
340 3598 411 3647 seqq.
429 3580 469 3632 ed.
487 3583 559 3634 Geel.
577 3583 719 3648 Wytton·

234 3650 329 3701 hsch.
359 3651 393 3699 sd
423 3650 554 3703 Plutarch.
585 3650 625 3700 De
653 3650 718 3717 glor.

234 3719 330 3769 Athen.
357 3734 380 3767 c.
399 3715 421 3769 7.
446 3733 471 3783 p.
488 3715 547 3768 349.
569 3719 602 3767 D.
621 3720 717 3772 Leak.

164 3796 167 3801 '
233 3788 350 3851 Topogr.
370 3784 465 3835 Athen.
483 3801 507 3850 p.
524 3783 575 3836 467
593 3786 719 3851 seqq.ibi·

234 3852 461 3918 queann.0ttfr.
473 3853 636 3916 Muelleri,
650 3853 733 3905 idem

234 3920 427 3971 Muellerus
451 3921 479 3969 in
497 3921 605 3984 lincycl.
625 3922 720 3972 Erschi

234 3995 260 4038 et
278 3988 391 4038 Gruberi
408 3988 452 4040 VI.
476 4004 501 4053 p.
519 3986 577 4038 223.
600 3997 626 4038 et
648 3990 718 4040 Diss.

234 4058 276 4106 De
303 4056 472 4106 munimentis
504 4057 663 4106 Athenarum
693 4073 718 4121 p.

234 4121 275 4174 20.
285 4125 310 4173 K
317 4141 329 4172 r
336 4139 445 4189 ueger.
456 4123 529 4173 Stud.
540 4124 629 4174 histor.
635 4141 660 4190 p.
670 4123 719 4176 166

234 4188 633 4311 88(44414141Μιθιίέᾳινικιῖντετ
663 4257 718 4312 τὰς

236 4324 378 4392 χναίμαε]
429 4326 517 4377 Νικᾶν
541 4326 587 4392 τὴν
611 4323 718 4392 γνώμην

236 4393 365 4458 dicuntur,
382 4408 492 4459 quorum
513 4395 642 4444 sententia
662 4396 719 4444 vin-

769 2787 815 2835 pro
833 2773 960 2821 utinam
978 2774 1095 2838 accipere
1111 2774 1202 2835 malis,
1219 2772 1252 2824 de

770 2853 821 2902 quo
838 2854 889 2888 nsu
906 2839 1096 2890 v.Valcken.
1111 2841 1250 2893 adPhoen.

769 2921 794 2954 v.
812 2902 870 2957 761.
911 2906 1027 2957 Alteram
1049 2909 1175 2958 rationem
1199 2926 1252 2959 am-

769 2974 863 3039 plexus
903 2981 942 3024 est
981 2976 1166 3039 Beklrerus‚
1207 2979 1252 3042 qui

769 3047 828 3107 post
845 3042 894 3105 ἔχει
911 3042 1075 3093 exclamendi
1092 3045 1195 3110 signum
1207 3061 1252 3110 po·

770 3111 836 3171 suit3
870 3109 978 3159 alteram
1005 3113 1128 3176 praetulit
1153 3114 1252 3162 Hein-

770 3176 909 3237 dorfius,
921 3179 966 3241 qui
976 3177 1087 3241 dubitat,
1102 3195 1136 3229 sn
1147 3179 1174 3229 εἰ
1182 3182 1252 3247 apud

769 3260 862 3309 prosae
884 3246 1008 3296 orationis
1031 3249 1169 3312 scriptores
1190 3264 1252 3298 nus·
1321 3260 1330 3269 “

770 3327 848 3376 quom
870 3311 967 3362 habeat
989 3314 1155 3363 exclamandi
1172 3316 1251 3380 signi-

769 3379 924 3430 ficationem.
941 3381 974 3430 cf.
993 3380 1104 3430 Matth.
1123 3384 1146 3442 §-
1157 3381 1216 3433 617.
1225 3383 1250 3436 4.

770 3447 831 3498 coll.
854 3449 877 3508 §-
899 3446 958 3500 513.
1004 3447 1123 3498 Ceterum
1146 3449 1178 3499 de
1200 3449 1250 3500 hac

771 3516 883 3580 Gorgiae
905 3516 1034 3566 sententia
1058 3516 1126 3567 conf.
1148 3516 1251 3567 Phileb.

770 3599 795 3648 p.
813 3582 869 3646 58„
894 3583 942 3632 uhi
963 3583 1009 3632 ille
1026 3592 1145 3634 narratur
1166 3585 1251 3634 (licere

770 3652 951 3713 consuevisse,
978 3647 1014 3705 cis
1037 3648 1053 3716 ἡ
1076 3657 1122 3703 τοῦ
1145 3655 1251 3703 πείθειν

771 3715 835 3768 nolti
865 3716 987 3782 διαφέροι
1021 3725 1113 3770 πασῶν
1140 3726 1249 3784 τεχνῶν·

769 3782 1093 3912 κατακλῖναι
1116 3784 1250 3920 καλέ

770 3928 823 3971 οῖτο
852 3922 893 3971 καί
923 3927 1015 3988 μακρῷ
1038 3919 1132 3988 ἀρίστη
1158 3928 1251 3973 πασσῖν

769 3990 812 4054 εἰή
830 3994 881 4039 τῶν
899 3996 1002 4054 τεχναῖν.

802 4058 833 4105 Β.
879 4056 958 4118 μετὰ
997 4062 1052 4107 τοῦ
1091 4054 1250 4125 ἀδελφοῦ]

769 4125 803 4178 Η.
821 4141 843 4173 c.
862 4140 933 4173 cum
950 4125 1130 4189 Herodico,
1149 4125 1250 4191 dequo

768 4188 989 4324 νὲτέίιῖῖῗῆ
1006 4265 1127 4309 καῦσαι
1151 4277 1250 4325 παρα-

771 4325 870 4392 σχεῖν]
889 4327 1128 4378 Blomfieldius
1145 4327 1178 4378 ed
1201 4329 1250 4380 Aa·

769 4394 852 4459 schyl.
875 4393 967 4461 Agam.
989 4411 1013 4443 v.
1031 4392 1089 4446 822.
1111 4395 1250 4463 legendum
