3242 5259
299 607 359 660 280
712 596 909 655 PLATONIS

215 768 276 832 508
299 761 444 846 συνέχειν
458 761 512 826 καὶ
532 761 643 837 φιλίαν
663 759 717 823 καί
736 758 930 840 κοσμιότητα
950 757 1005 822 καὶ
1025 759 1247 840 σωφροσύνην
1266 759 1316 822 καὶ

300 861 498 969 δικαιότητα,
528 857 581 922 καὶ
610 859 648 921 τὸ
677 852 754 921 ὅλον
780 866 877 920 τοῦτο
906 856 960 919 διὰ
986 865 1088 918 ταῦτα
1118 855 1245 934 κόσμον
1265 879 1315 919 κα-

300 963 423 1033 λοῦσιν,
451 957 476 1019 ὡ
497 953 608 1037 ἑταῖρε,
637 956 698 1019 οὐκ
718 954 888 1074 ἀκοσμίαν,
917 951 993 1017 οὐδὲ
1013 953 1204 1017 ἀκολασίαν.
1224 951 1265 1015 σὺ
1284 954 1316 1016 δέ

299 1080 355 1138 μοι
382 1056 486 1128 δοκεῖς
516 1055 556 1116 ού
576 1051 749 1135 προςέχειν
776 1051 835 1115 τὸν
863 1060 947 1116 νοῦν
967 1052 1113 1126 τούτοις,
1141 1048 1315 1115 καὶταῦτα

300 1152 415 1234 σοφὸς·
431 1155 493 1226 ὢν,
523 1150 603 1213 ἀλλὰ
624 1146 737 1234 λέληθέ
759 1164 813 1224 σε,
843 1143 892 1213 ὅτι
911 1149 933 1231 ἡ
954 1148 1102 1231 ἰσότηςὴ
1122 1150 1316 1231 γεωμετρικὴ

299 1250 353 1314 καὶ
384 1247 420 1312 ἐν
447 1253 538 1323 θεοῖς
564 1245 618 1310 καὶ
646 1245 681 1310 ἓν
709 1246 898 1326 ἀνθρώποις
926 1241 1008 1328 μέγα
1036 1246 1184 1310 δύναται.
1215 1247 1257 1309 ot
1284 1246 1315 1311 δὲ

299 1347 485 1423 πλεονεξίαν
519 1345 578 1409 οἴει
613 1345 682 1407 δεῖν
711 1346 838 1409 ἀσκεῖν·
869 1345 1063 1425 γεωμετρίας
1072 1359 1080 1391 ³
1090 1342 1155 1426 γὰρ
1185 1345 1314 1427 ἀμελεῖς.

301 1439 389 1508 Είεν.
412 1439 641 1525 ἢέξελεγκτέος
661 1439 701 1523 δὴ
724 1431 820 1516 οὗτος
840 1441 858 1505 ό
876 1442 973 1522 λόγος
992 1442 1072 1525 ἡμῖν
1091 1438 1191 1517 ἐστιν,
1214 1442 1258 1517 ὡς
1278 1445 1316 1507 ού

249 1545 278 1608 Β
302 1542 508 1623 δικαιοσύνης
524 1539 579 1603 καὶ
595 1541 808 1622 σωφροσύνης
830 1542 936 1622 κτήσει
956 1540 1144 1622 εὐδαίμονες
1165 1540 1198 1604 oi
1216 1541 1315 1605 εύδαί-

300 1661 406 1722 μονες,
426 1639 540 1711 κακίας
555 1637 589 1701 δὲ
603 1639 763 1702 *ἄθλιοι*
785 1637 818 1701 οί
837 1641 964 1700 ἄθλιοι·
986 1637 1007 1720 ἢ
1029 1638 1057 1700 εί
1077 1627 1176 1712 οὗτος
1196 1639 1315 1720 ἀληθής

301 1736 381 1813 ἐστι,
416 1733 584 1811 σκεπτέον,
614 1736 644 1797 τί
664 1734 703 1797 τὰ
723 1735 955 1816 συμβαίνοντα.
975 1734 1015 1799 τὰ
1034 1735 1183 1816 πρόσθεν
1203 1733 1313 1811 ἐκεῖνα,

303 1827 328 1897 ὦ
350 1834 549 1910 Καλλίκλεις,
580 1833 750 1914 συμβαίνει
770 1832 895 1919 πάντα..
914 1827 961 1913 ἐφ’
985 1825 1034 1906 οἷς
1053 1833 1095 1895 σύ
1116 1854 1155 1915 με
1176 1837 1270 1916 ἦρου,
1290 1833 1313 1895 εί

351 2065 456 2119 Ρ,.508
485 2067 516 2116 Β.
545 2063 691 2116 ἄδλιοιο
699 2062 855 2130 atticos]
873 2064 949 2114 Pnus
967 2060 1055 2114 οθλιοι
1072 2063 1192 2116 additum
1209 2065 1241 2115 de
1258 2081 1312 2116 con

300 2138 399 2186 iectura
411 2133 564 2185 Heindorfii.
599 2134 717 2184 Baiterus
736 2132 850 2183 ordine*
842 2148 946 2182 inverso
964 2131 992 2181 οἱ
1008 2129 1096 2182 ἄθλιοι
1112 2129 1201 2183 ἄθλιοι
1218 2135 1310 2195 maluit,

300 2205 361 2268 quia
382 2206 419 2257 ite
442 2202 603 2267 corruptelae
627 2217 719 2251 caussa
742 2201 847 2251 facilius
869 2200 1038 2265 intelligatur.
1072 2201 1104 2250 Id
1126 2203 1206 2251 etism
1230 2204 1310 2253 Herm.

300 2276 425 2389 seqputus
435 2277 494 2388 (pop.
536 2270 587 2320 Sed
608 2268 781 2320 membrorum
804 2269 967 2319 concinnitas
990 2268 1099 2318 alteram
1121 2269 1251 2320 rationem
1272 2285 1309 2334 pc

301 2347 343 2389 stu
355 2355 397 2389 are
415 2355 442 2387 vr
460 2354 524 2388 eur

353 2410 383 2456 τί
399 2403 433 2455 τὰ
454 2404 697 2471 συμβαίνοντα]
716 2405 758 2455 sic
776 2404 865 2455 Clark.
882 2404 941 2453 Vat.
959 2404 1025 2453 Ven.
1040 2401 1070 2452 Σ
1089 2354 1169 2452 vind.
1183 2402 1309 2456 1.2,6.7,

300 2475 358 2524 Par.
382 2474 585 2524 BCEFIVW.
608 2473 765 2535 Florentini,
793 2472 868 2522 Bodl.
894 2472 961 2536 Aug.
988 2473 1095 2521 Meerm.
1120 2477 1148 2521 et
1172 2487 1211 2536 pr.
1239 2472 1309 2522 Ooisl.

301 2541 449 2607 Legebatur
466 2539 529 2591 τινά.
652 2588 660 2597 ,

353 2610 382 2659 0.
416 2607 477 2674 ἄρα
496 2608 549 2659 δεῖ
565 2602 597 2658 εἶ
604 2606 668 2674 ναι]
692 2609 724 2657 V.
744 2607 801 2658 δεῖν
819 2600 901 2666 εἶναι,
919 2612 1010 2656 contra
1028 2606 1212 2657 auctoritatem
1230 2605 1310 2657 Clark.

302 2844 400 2894 Eadem
417 2845 496 2893 habet
515 2844 783 2927 Olympiodorus
836 2839 1038 2927 μετρικη-]
1055 2841 1158 2893 Schol
1170 2848 1232 2894 τουτ
1231 2841 1310 2893 ἔστιν

303 2913 348 2976 qui
366 2910 447 2960 addit:
470 2909 561 2990 ἡγὰρ
581 2913 653 2973 φιλία
671 2911 737 2974 πρὸς
755 2917 784 2976 τῇ
835 2907 1029 2995 ἡδεκοιοοόνη.
1051 2908 1148 2975 ταύτην
1165 2908 1260 2976 δότην
1275 2927 1311 2976 γε

303 2985 348 3044 μιᾷ
371 2996 423 3027 των
441 2976 546 3027 πάντων
564 2975 669 3027 ἐστίν’
655 2985 733 3043 ἀρχῇ,
759 2980 787 3029 εί
836 2973 1216 3062 αιμετρικὴκάναλογιόνΔιδς
1232 2983 1311 3065 κρισην

303 3064 332 3112 γε
351 3044 436 3095 ἑκεῑ”
422 3061 517 3098 ermom
533 3052 660 3131 πανταχοῦ
678 3047 719 3096 καὶ
738 3044 783 3096 ού·
836 3048 867 3096 ἑν
885 3043 986 3107 Νόμοις
1003 3043 1141 3106 ἐκάλεσεν,
1165 3044 1202 3100 ἀς
1221 3043 1253 3098 δι
1270 3043 1310 3096 ον’·

305 3114 389 3172 δαμού
419 3111 552 3176 διάκρισις.
583 3110 597 3162 ό
623 3105 674 3163 ούν
694 3111 783 3167 ἄδικοι
836 3119 880 3182 τῆς
903 3132 955 3164 των
980 3111 1088 3164 πάντων
1112 3113 1311 3178 κεκριμένωντι

306 3180 381 3230 παντί
410 3179 507 3244 ἐχθρός
538 3180 591 3232 ἐστι
621 3183 663 3232 καλ
691 3179 782 3232 οὐδενὶ
835 3177 1051 3245 καλύρισμένων,
1069 3181 1134 3232 Gom
1153 3182 1313 3232 aranduscst

304 3256 434 3299 κοινωνεῖ.
475 3251 515 3299 De
541 3250 705 3315 Empedoclis
733 3251 784 3301 hac
835 3252 908 3301 locus
925 3250 1006 3315 Legg.
1023 3250 1102 3314 VLp
1105 3198 1181 3301 .m.IP56
1199 3251 1231 3300 Ε
1248 3266 1312 3314 seqq.

304 3318 439 3380 sententia,
458 3319 520 3368 satis
537 3319 584 3368 illa
602 3318 739 3381 celebrata,
759 3335 784 3368 v.
835 3320 914 3368 lama
930 3319 1015 3367 Rout
1020 3317 1075 3367 hio
1092 3317 1234 3369 indicatus.
1260 3319 1313 3368 Dis·

304 3386 614 3436 Sturziidoctissimum
627 3403 700 3451 opus,
716 3386 785 3450 quod
836 3387 949 3437 cernitur
972 3384 1010 3434 ibi
1034 3381 1124 3450 ἰσότης
1148 3386 1313 3446 arithmetica,

303 3455 455 3518 inscriptum
490 3461 530 3504 est
562 3455 785 3520 Empedocles
836 3470 902 3519 quae
926 3468 1049 3516 numero,
1074 3453 1190 3518 pondere
1207 3461 1234 3504 et
1250 3469 1313 3504 men-

304 3523 565 3588 Agrigentinus,
595 3524 626 3573 T.
648 3525 668 3572 I.
691 3538 717 3587 p.
734 3521 785 3573 214
837 3538 904 3584 sura,
921 3522 1032 3586 demque
1044 3522 1314 3605 externaeequahtste

303 3587 405 3640 -256
451 3591 504 3640 Cur
537 3591 707 3670 llmpcdocles
740 3607 785 3656 po·
836 3591 992 3651 continetur,
1004 3586 1314 3655 abloritqrsgeomctrics,

303 3659 431 3708 tissimum
457 3658 624 3722 respiciatur,
653 3674 731 3724 supra
752 3658 785 3708 ad
837 3673 903 3722 quae
922 3627 992 3722 φοοδ
1008 3657 1135 3721 cuiusque
1151 3658 1244 3708 virtuti
1259 3673 1314 3708 con·

303 3723 403 3791 p.493.
421 3727 453 3776 A.
476 3726 600 3776 indicavi.
633 3728 697 3777 Erat
716 3728 785 3777 enim
836 3727 921 3788 venit,
945 3725 973 3775 id
995 3725 1020 3775 ci
1041 3723 1135 3774 tribuit
1154 3725 1288 3791 ideoque
1280 3741 1315 3774 m-

305 3794 416 3858 Gorgias
444 3795 500 3858 ipse
529 3793 607 3843 huius
633 3794 786 3859 disciplinae
836 3800 937 3844 ternam
970 3807 1107 3857 veramque
1136 3794 1314 3874 aeqpnlitstem

304 3862 392 3912 addict
382 3867 493 3910 t-us
524 3862 587 3911 Voc.
615 3859 786 3928 δικαιότηε
837 3868 929 3912 tuetur.
964 3861 1055 3926 Itaque
1077 3861 1210 3912 sententis
1231 3860 1315 3913 verbo

304 3931 430 3995 reperitur
447 3931 524 3979 etiam
542 3929 674 3994 Protagor.
690 3945 715 3994 p.
727 3928 785 3981 331.
836 3947 894 3980 rum
906 3930 971 3979 haec
990 3935 1042 3979 est:
1059 3926 1163 3978 latuit
1178 3935 1212 3980 te
1229 3944 1315 3980 suum

304 4000 334 4047 B.
356 3997 501 4063 Xenoph.
517 3996 611 4063 Cyrop.
630 3998 702 4059 VIII,
719 3996 744 4060 8,
763 3996 787 4049 7.
838 3999 956 4062 cuique
974 4012 1048 4047 esse
1062 3995 1315 4047 tribuendumot

304 4095 338 4103 —
360 4067 456 4115 Rerum
479 4067 671 4116 unIversitatem
688 4067 786 4149 primus
838 4064 877 4116 cb
903 4066 990 4116 omni
1012 4064 1105 4115 lucri
1129 4066 1315 4130 cupiditate

306 4133 400 4184 dicitur
426 4134 588 4199 Pythagoras
615 4153 659 4184 του
686 4131 785 4195 κόσμου
838 4132 1075 4183 abstinendum
1110 4147 1194 4183 esse.
1241 4133 1316 4184 Plurs

305 4205 408 4251 nomine
439 4203 596 4267 appellasse,
631 4203 661 4253 de
685 4220 736 4268 qua
759 4219 786 4252 re
838 4200 936 4251 dabunt
958 4200 1157 4250 Valckencr.
1181 4199 1215 4250 cd
1231 4201 1314 4264 Eurip.

305 4270 364 4319 vide
393 4287 459 4334 quae
488 4273 638 4336 scripsnnus
662 4273 694 4322 ad
718 4271 785 4323 Tim.
837 4270 974 4320 Phoeniss
983 4285 1007 4318 v
1018 4267 1077 4319 541.
1094 4268 1272 4319 Heindorf.
1285 4266 1315 4317 ad

305 4352 330 4400 p.
348 4336 387 4387 27.
406 4340 437 4387 A.
838 4339 864 4388 h
881 4337 899 4391 l.
924 4338 1038 4387 Aetius
1061 4335 1095 4386 ad
1115 4337 1199 4403 Legg.
1219 4353 1244 4402 p.
1261 4334 1315 4386 289.

339 4406 366 4453 P.
386 4404 494 4456 508.‘
479 4427 495 4473 η
522 4403 637 4472 ι’σότηε
666 4404 682 4474 ἡ
708 4425 785 4473 γεω·
838 4405 911 4456 Adde
938 4404 1163 4456 camerarium
1186 4404 1316 4456 Commen-
