3242 5259
343 618 401 673 134
752 613 950 673 PLATONIS

339 776 361 858 ἢ
383 777 515 858 αἰσχρόν
535 773 635 859 λέγεις
655 775 757 860 αὐτὴν
777 771 876 852 εἴκεις
914 779 991 840 ΣΩ.
1013 773 1157 858 Αλσχρόν
1177 771 1294 857 ἔγωγε·
1318 774 1354 838 τὰ

338 874 401 957 γὰρ
427 874 510 939 κακὰ
538 875 651 961 αἰσχραὶ
679 879 781 940 καλῶ·
823 871 930 957 ἐπειδὴ
958 875 1008 938 δεῖ
1034 889 1086 938 σοι
1111 873 1352 955 ἀποκρίνασθαι

340 972 383 1048 ὡς
401 973 462 1055 ἤδη
483 973 589 1052 εἰδότι,
610 977 630 1037 s
651 971 714 1056 ἐγὼ
734 974 824 1055 λέγω.
857 974 950 1036 ΓΟΡ.
972 972 1033 1037 Μὰ
1054 971 1112 1037 τόν
1128 972 1212 1048 Δία,Ι
1235 963 1260 1034 ὦ
1282 970 1352 1034 Σαό-

338 1093 461 1153 κρατες,
482 1069 547 1135 ἄλλ’
569 1070 630 1154 ἐγὼ
651 1071 727 1136 οὐδὲ
747 1072 845 1145 αὐτὸς
865 1071 1010 1153 συνίημι,
1032 1070 1051 1134 ό
1071 1094 1102 1134 τι
1121 1069 1234 1152 λέγεις.
1277 1071 1351 1135 Est.

195 1211 197 1214 ·
277 1173 306 1238 Ε
342 1171 483 1244 Εἰκότως
502 1192 549 1251 γε,
572 1163 598 1233 ὦ
620 1171 755 1252 Γοργία·
774 1162 871 1233 οὐδὲν
890 1169 952 1250 γάρ
972 1189 1024 1232 κω
1045 1166 1147 1250 σαφὲς
1165 1166 1261 1250 λέγω,
1284 1172 1354 1232 Πῶ-

339 1271 394 1344 λος
414 1268 448 1332 δὲ
468 1267 521 1332 ὅδε
542 1266 615 1342 νέος
635 1267 700 1331 ἐστὶ
719 1266 773 1331 καὶ
793 1267 876 1344 όξός.
929 1269 1024 1330 ΓΟΡ.
1042 1260 1137 1330 Ἀλλὰ
1158 1273 1280 1332 τοῦτον
1298 1266 1354 1350 μὲν

340 1363 387 1440 ἔα.
411 1363 480 1448 ἐμοὶ
508 1365 534 1428 δ’
564 1362 645 1440 εἰπέ,
678 1369 746 1441 κῶς
772 1363 872 1447 λὲγεις
890 1369 1053 1448 πολιτικῆς
1079 1367 1199 1448 μορίου
1220 1366 1351 1430 εἴδωλον

339 1459 502 1547 εἶναιτὴν
523 1463 703 1548 ῥητορικήν.
735 1466 812 1526 sse.
830 1456 908 1526 Ἀλλ’
930 1461 993 1545 ἐγὼ
1012 1465 1204 1547 πειράσομαι
1224 1467 1354 1547 φράσαι,

339 1557 413 1643 όγὲ
434 1585 490 1643 μοι
509 1561 657 1643 φαίνεται
684 1556 808 1644 εἶναιῆ
837 1560 1005 1645 ῥητορική·
1027 1564 1054 1626 εἰ
1081 1562 1115 1626 δὲ
1141 1560 1186 1645 μὴ
1206 1565 1355 1647 τυγχάνει

341 1653 380 1724 όν
400 1670 517 1735 τοῦτο,
549 1664 665 1736 Πόλος
692 1659 745 1725 ὅδε
775 1658 899 1741 ἐλέγξει.
928 1661 1020 1744 σῶμά
1040 1681 1106 1725 κου
1125 1664 1233 1736 καλεῖς
1253 1685 1285 1726 τι
1304 1663 1354 1726 καὶ

340 1947 419 1998 CIV.
435 1946 511 1997 vind.
530 1946 554 1998 6.
572 1945 595 1998 7.
619 1947 689 1997 Flor.
711 1947 737 1998 b.
761 1964 786 1999 e.
808 1948 834 1998 d.
850 1965 874 2000 o.
892 1966 918 1998 x.
941 1954 967 1999 et
989 1964 1055 2000 eorr.
1073 1949 1162 2001 Clark.
1185 1951 1355 2002 emendatum.

344 2017 440 2066 Veram
456 2015 593 2066 lectionem
610 2017 663 2066 iam
680 2015 740 2067 edit.
758 2017 817 2067 Bes.
835 2015 860 2068 2.
878 2021 970 2067 tuetur.
1279 2017 1281 2020 ’

389 2119 421 2167 D.
440 2114 520 2166 κακὰ
543 2113 666 2182 αἰσχρὰ
689 2116 781 2184 καλῶ]
807 2119 839 2168 V.
863 2115 957 2183 αἰσχρά
982 2114 1032 2184 ε’γώ
1057 2120 1132 2168 καλώ.
1175 2120 1284 2170 Extrusi
1309 2117 1356 2187 ἐγώ

346 2187 499 2236 auctoritate
518 2186 605 2236 Clark.
624 2186 704 2236 Goisl.
722 2186 798 2236 Vind.
811 2185 834 2237 1.
847 2186 871 2238 6.
888 2190 947 2238 Por.
965 2188 1109 2238 BEFIW.
1128 2186 1199 2238 Flor'.
1216 2189 1236 2238 f.
1253 2205 1275 2240 S.
1291 2206 1316 2238 x.
1333 2197 1357 2238 et

344 2254 474 2306 Aristidis.
1311 2268 1313 2272 ’

388 2359 419 2408 Ε.
441 2352 512 2407 Ἀλλ’
538 2354 603 2423 ἐγώ
628 2353 840 2421 πειράσομαι]
877 2356 945 2408 vett.
970 2354 1042 2406 editt.
1065 2352 1139 2406 Ἀλλὰ
1164 2353 1230 2406 τοῦτ’
1251 2356 1353 2423 ἐγώκ,

301 2474 303 2479 .
341 2425 411 2488 quod
434 2425 484 2476 soli
506 2426 565 2474 Par.
582 2426 640 2474 EF.
657 2425 727 2475 Flor.
750 2441 772 2474 ε.
790 2425 808 2474 f.
825 2430 920 2476 tenent.
964 2424 1033 2474 Dein
1051 2420 1067 2489 ἡ
1089 2441 1140 2475 om.
1158 2424 1248 2476 Clark.
1272 2433 1298 2476 et
1321 2442 1357 2492 pr.

344 2493 420 2544 Vincl.
438 2494 463 2546 2.
481 2492 570 2545 Clark.
589 2492 705 2558 τυγχάνῃ.
951 2508 953 2510 ·

340 2729 712 2781 eiensredditzoivilitotis
725 2730 824 2795 parti·

340 2799 435 2848 eulae
452 2797 673 2848 simulacrum.
691 2798 821 2862 Apulei.

341 2867 457 2916 Doetrin.
475 2865 542 2916 Plat.
553 2863 612 2930 p.2.
630 2865 670 2916 ed.
687 2865 820 2915 Elmenh.:

341 2932 821 2998 civilispartieulaeumbram,

339 3002 371 3052 id
394 3007 444 3052 est
471 3003 655 3067 imaginem.
682 3003 822 3052 Luoian.

340 3071 384 3120 Bis
403 3070 522 3121 Accusat.
541 3072 563 3131 ξ.
582 3067 623 3122 34.

374 3200 415 3257 uis
433 3201 490 3271 ἤδη
508 3201 629 3263 εἰδότι,
656 3202 671 3254 ά
696 3200 757 3272 ἐγώ
776 3202 820 3253 λέ-

340 3271 391 3339 γω]
411 3273 508 3337 quasi
528 3273 591 3324 ium
613 3275 717 3335 scies,
741 3271 820 3337 quid

339 3341 417 3391 mihi
435 3343 542 3393 velim.
568 3342 658 3408 Carpit
674 3342 715 3392 his
734 3339 821 3390 verbis

339 3410 470 3469 homiuem
486 3410 699 3476 intemperantius
717 3414 744 3458 et
760 3408 821 3458 oali-

339 3479 397 3529 dius
414 3480 467 3530 fere
485 3479 518 3530 ad
536 3496 566 3529 ea
583 3483 769 3544 properantem,
789 3476 820 3527 de

339 3547 433 3612 quibus
445 3548 559 3598 nondum
575 3554 614 3598 est
626 3548 820 3611 interrogatum.

339 3617 412 3666 Haeo
434 3617 490 3682 ipsa
513 3632 574 3665 vero
597 3615 738 3678 respiciens
757 3613 821 3664 Gor·

337 3685 396 3750 gias
420 3684 525 3746 deinde,
558 3679 607 3732 ἀλλ’
634 3679 698 3748 ἑγιό,
726 3681 820 3746 inquit,

339 3747 402 3802 οὐδὲ
420 3749 497 3804 αὐτὸς
517 3753 635 3815 συνίημι,
660 3749 675 3800 ό
692 3769 713 3800 τι
731 3748 820 3817 λέγειν,

337 3836 376 3869 ne
399 3821 473 3886 ipse
501 3819 628 3883 quidem
653 3817 820 3884 intellige,

338 3887 415 3953 quid
448 3888 553 3937 dieas.
599 3888 662 3936 Post
694 3885 728 3948 μὰ
757 3887 820 3944 Δία,

874 2731 923 2782 λάε
958 2727 1088 2796 λέγεσθαι.
1131 2731 1179 2786 ,In
1215 2732 1358 2782 cuiusmodi

873 2796 939 2847 loeis
965 2799 1010 2861 qui
1026 2803 1085 2862 post
1102 2794 1136 2858 μὰ
1155 2799 1210 2847 Δία
1227 2800 1358 2865 interpun-

872 2871 952 2931 gunt,
979 2865 1082 2929 iiquee
1100 2871 1168 2916 orote
1185 2867 1254 2918 inter
1271 2885 1300 2918 se
1316 2885 1357 2919 eo-

873 2933 982 2984 haerent
1003 2933 1071 2984 mole
1087 2933 1224 2985 divellunt.
1268 2937 1357 3001 Neque

872 3003 942 3051 enim
953 3002 1016 3052 haee
1028 3001 1211 3053 confundendo
1223 3011 1286 3054 sunt
1298 3020 1355 3054 oum

872 3070 913 3133 iis,
931 3086 995 3134 quoe
1013 3072 1180 3121 ueeuvimus
1205 3072 1239 3121 sd
1256 3072 1357 3123 Phileb.

872 3154 897 3202 p.
915 3136 972 3188 104.
1007 3139 1058 3188 Par
1081 3145 1120 3188 est
1143 3139 1210 3190 ratio
1229 3141 1356 3190 formulae

872 3205 1037 3256 asseverandi
1061 3205 1093 3273 νὴ
1111 3207 1181 3265 Δία,
1204 3223 1273 3272 quae
1296 3206 1357 3259 ἀλλά

871 3275 908 3324 ita
933 3273 1077 3324 subiectum
1099 3274 1194 3325 habere
1218 3276 1301 3339 solet,
1330 3284 1358 3326 ut

872 3341 1037 3392 asseverandi
1060 3343 1100 3392 vis
1130 3344 1192 3393 item
1222 3351 1356 3411 augeatur.

872 3411 943 3461 lnfra
960 3427 984 3475 p.
1002 3408 1060 3461 481.
1078 3412 1114 3461 B:
1144 3409 1175 3476 νὴ
1193 3410 1254 3465 τούς
1273 3411 1356 3466 θεοὺς

872 3476 922 3528 ἀλλ’
938 3477 1068 3539 ἐπιθυμῶ.
1082 3479 1196 3530 Aristo
1202 3480 1252 3545 ph.
1270 3481 1357 3531 Nubb.

872 3564 896 3597 v.
919 3545 984 3598 652:
1013 3544 1045 3613 νὴ
1068 3547 1114 3598 τὸν
1139 3543 1184 3597 Af
1207 3544 1259 3599 ἀλλ’
1285 3543 1352 3608 οἶδα,

872 3632 939 3680 quae
951 3617 1110 3680 comparavit
1126 3616 1356 3669 Heindorfius.

905 3752 936 3801 Ε.
968 3750 1041 3804 νέος
1075 3750 1145 3801 ἐστὶ
1175 3752 1231 3801 καὶ
1267 3749 1355 3820 igis]

871 3821 950 3870 Recte
973 3819 1105 3882 Suidas,
1135 3818 1185 3869 hoe
1212 3821 1269 3886 ipso
1299 3822 1355 3873 loco

872 3887 986 3948 laudato,
1007 3886 1064 3941 νέος
1076 3886 1131 3937 ἐστὶ
1146 3888 1187 3937 καὶ
1201 3885 1274 3952 όξόε,
1293 3887 1355 3950 ἅμα·

338 3972 416 4020 quem
432 3955 569 4005 formulam
588 3960 689 4004 constet
706 3955 820 4036 negandi
872 3955 925 4023 θὴς
943 3953 1060 4022 δηλονότι
1075 3953 1269 4024 intromiseris.
1289 3960 1355 4008 Nem

337 4026 390 4075 vim
403 4024 506 4087 habere,
525 4023 673 4088 saepissime
687 4019 749 4072 άλλα
762 4039 820 4074 eum
872 4041 924 4076 non
942 4028 998 4075 sine
1009 4025 1128 4076 irrisione
1144 4025 1209 4076 haee
1220 4043 1237 4076 a
1248 4027 1354 4077 Socrate

338 4093 475 4159 negatione
497 4091 654 4142 infortunati
674 4091 820 4157 augendam
872 4092 922 4143 diei
940 4094 967 4142 in
986 4095 1074 4159 aprico
1091 4100 1138 4143 est.
1165 4093 1255 4158 Neque
1267 4095 1355 4160 displi-

338 4157 483 4227 negetionis
500 4161 660 4227 gravitatem.
692 4159 820 4210 Aloibied.
871 4167 913 4212 eet
930 4161 1237 4212 Sehieiermoeheri
1255 4172 1355 4214 senten·

338 4229 358 4276 l.
383 4246 407 4293 p.
432 4228 490 4280 110.
513 4229 546 4278 C:
570 4226 604 4288 μό
628 4224 673 4277 Δί’
696 4224 747 4277 ἀλλ’
772 4224 820 4277 οὐκ
871 4230 915 4290 tio,
933 4229 978 4292 qui
994 4227 1027 4278 ed
1045 4230 1263 4295 significationem
1279 4248 1354 4282 voea-

338 4292 456 4360 ἦγνόουν
473 4298 561 4364 ἔγωγε,
579 4292 640 4346 ἀλλὰ
660 4301 751 4358 σαφῶς
766 4295 819 4363 ἑγί-
871 4295 927 4346 buli
939 4297 1023 4348 πῶλος
1037 4296 1120 4347 alludi
1135 4299 1272 4348 existimat.
1292 4302 1353 4350 Mox

339 4380 467 4428 γνωσκον.
492 4364 590 4430 Crstyl.
608 4382 633 4429 p.
650 4362 707 4415 423.
726 4366 761 4413 B:
785 4363 819 4424 μὰ
871 4358 988 4428 τυγχάνει
1017 4360 1050 4413 όν
1079 4372 1152 4416 τοῦτο
1180 4367 1276 4418 dictum
1308 4385 1353 4433 pro

340 4426 385 4482 Δί’
404 4427 455 4482 ἀλλ’
475 4429 524 4484 οὐκ
542 4433 602 4494 ἐμοί
623 4450 662 4482 και
687 4430 760 4482 δοκεῖ
775 4449 818 4482 κα·
871 4427 987 4498 τυγχάνει
1016 4423 1083 4483 οὖσα
1111 4439 1194 4487 τοῦτο.
1242 4435 1293 4488 Sed
1322 4432 1352 4487 όν
