3242 5259
396 589 454 642 184
809 579 1005 638 PLATONIS

343 751 371 815 B
394 745 430 808 τὸ
452 745 600 808 καίεσθαι
620 742 674 804 καί
695 742 731 803 τό
754 741 939 822 τέμνεσθαι,
968 739 1016 802 ότι
1037 739 1195 819 σίλγεινόν.
1220 738 1240 820 ἢ
1262 740 1304 802 οὐ
1323 741 1409 803 δοκεῖ

394 843 448 906 καί
475 839 527 903 σοί
548 837 665 913 οὕτως,
704 841 813 900 men.
835 831 974 918 Ἔμοιγε.
1018 839 1095 899 Eae.
1123 830 1267 916 Ἀγνοοῖν
1288 858 1341 918 γε,
1369 839 1410 910 ὡς

395 937 517 1012 ἔοικεν,
546 929 617 999 οἶόν
646 932 731 997 ἐστιν
758 935 779 1016 ἡ
805 934 910 1015 ὑγίεια
937 933 991 996 καὶ
1011 931 1106 1014 ιίρετὴ
1126 937 1284 1014 σώματος.
1306 933 1409 997 κινδυ-

344 1095 346 1098 ,
394 1036 527 1098 νεύουσι
555 1031 618 1113 γὰρ
648 1029 682 1094 ἐκ
710 1034 776 1094 τοῖν
803 1042 867 1095 νῦν
887 1033 964 1114 ἡμῖν
986 1028 1244 1113 ὡμολογημένων
1264 1032 1411 1094 τοιοῦτόν

396 1156 425 1195 τι
446 1135 552 1194 ποιεῖν
573 1128 627 1192 καὶ
648 1127 681 1190 οῖ
700 1127 759 1210 τὴν
780 1128 873 1209 δίκην
895 1130 1087 1209 φεύγοντες,
1119 1121 1144 1189 ὧ
1167 1131 1274 1206 Ποῖλε,
1303 1127 1340 1191 τό
1361 1129 1409 1190 σίλ-

395 1228 505 1310 γεινόν
536 1226 637 1289 αὐτοῦ
664 1231 829 1305 καθοριλν,
863 1225 944 1304 πρὸς
970 1225 1003 1288 δὲ
1032 1226 1069 1289 τὸ
1099 1223 1263 1307 ὠφέλιμον
1283 1229 1411 1306 τυφλοῖς

396 1323 478 1408 ἔχειν
498 1321 552 1387 καὶ
572 1323 722 1404 ἀγνοεῖν,
751 1320 817 1407 ὅσῳ
847 1314 1047 1401 σίθλιοίτερόν
1068 1321 1133 1385 ἐστι
1152 1322 1196 1403 μὴ
1217 1323 1334 1404 ὑγιοῦς
1354 1324 1409 1384 σοῖ-

396 1444 495 1505 ματος
515 1419 558 1502 μὴ
579 1419 665 1499 ὑγιεῖ
683 1428 770 1501 ψυχῇ
795 1423 975 1492 συνοικεῖν,
1005 1420 1084 1482 otoo
1111 1425 1219 1501 σαθρᾷ
1239 1417 1295 1485 καὶ
1314 1420 1410 1504 ἀδίκῳ

348 1524 375 1590 O
397 1520 450 1583 καὶ
473 1518 603 1600 ἀνοσίῳ.
632 1515 712 1578 ὅθεν
732 1515 785 1579 καὶ
805 1527 871 1579 κείν
892 1526 1058 1589 ποιοῦσιν,
1089 1515 1165 1590 cleve
1186 1517 1282 1599 δίκην
1302 1516 1346 1599 μὴ
1367 1517 1409 1578 δι-

397 1617 511 1688 δόναι,
548 1605 624 1694 μηδ’
653 1611 907 1676 ἀπαλλάττεσθαι
934 1623 993 1677 τοῦ
1021 1614 1172 1695 μεγίστου
1198 1620 1324 1692 κακοῦ,
1362 1611 1412 1678 καὶ

397 1715 541 1795 χρήματα
556 1712 873 1792 παρασκευαζόμενοι
886 1709 940 1775 καὶ
955 1712 1071 1786 φίλους
1091 1710 1144 1773 καὶ
1165 1709 1253 1786 ὅπως
1274 1711 1317 1774 ἂν
1336 1703 1412 1774 ὦσιν

398 1810 441 1884 ὡς
456 1809 674 1872 πιθανώτατοι
692 1806 802 1887 λέγειν.
826 1809 853 1870 εί
869 1807 902 1870 δὲ
917 1808 1007 1889 ἡμεῖς
1023 1808 1129 1891 oenoe
1150 1808 1410 1892 ὡμολογήκαμεν,

399 1900 424 1968 ὠ
448 1908 551 1979 Πῶλε,
572 1892 622 1982 ἆρ’
644 1904 792 1968 αἰσθιῖνει
812 1905 851 1966 τὰ
872 1905 1094 1985 συμβαίνοντα
1115 1903 1150 1967 ἐκ
1170 1915 1229 1968 τοῦ
1250 1908 1367 1985 λόγους
1391 1905 1410 1987 ἢ

401 2004 509 2083 βούλει
525 2001 787 2083 συλλογισώμεθα
808 2002 905 2076 αὐτοῖς
930 2003 1040 2064 ΠΩΛ.
1062 1999 1162 2084 Elui
1184 2003 1237 2066 σοί
1256 2025 1294 2085 γε
1309 2008 1411 2088 ιἄλλοις

398 2101 492 2164 δοκεῖ.
535 2101 610 2162 Eu.
628 2089 688 2179 Ἀρ
710 2093 770 2163 οὖν
785 2100 955 2180 συμβαίνει
972 2098 1122 2180 μέγιστον
1143 2102 1246 2164 κακὸν
1267 2102 1290 2184 ἡ
1310 2102 1412 2165 α’δικία

342 2207 373 2269 D
391 2197 449 2261 καί
478 2197 514 2260 τό
544 2198 684 2271 α’δικεῖν,
725 2198 837 2259 men.
870 2197 1023 2260 Φαίνεταί
1051 2218 1095 2278 γε.
1144 2198 1221 2260 >sse
1257 2197 1325 2261 Kal
1351 2197 1412 2280 μὴν

398 2296 565 2377 σίπαλλαγή
580 2317 616 2376 γε
632 2292 736 2376 ἐφάνη
757 2295 876 2358 τούτου
898 2300 957 2357 τοῦ
978 2304 1081 2358 κακοῦ
1100 2291 1136 2357 τὸ
1158 2294 1252 2376 δίκην
1273 2295 1418 2372 όιδόναι,

448 2479 477 2528 Ο.
513 2477 559 2528 Εἰ
581 2476 619 2543 μὴ
645 2480 699 2527 σοί
723 2475 774 2543 γε]
806 2474 840 2542 μὴ
865 2493 914 2526 om.
932 2478 990 2526 Vat.
1010 2477 1090 2527 Goial.
1109 2477 1174 2527 Ven.
1194 2478 1225 2528 Ξ.
1253 2478 1332 2532 vind.
1351 2477 1373 2530 l.
1389 2478 1409 2530 6.

398 2547 455 2596 Par.
473 2547 620 2597 BOFIW.
643 2546 712 2596 Flor.
732 2544 755 2593 b.
775 2561 797 2594 ο.
817 2546 841 2594 d.
858 2561 891 2597 m.
910 2561 933 2594 o.
951 2561 976 2592 x.
995 2544 1071 2594 male.

448 2615 481 2663 D.
512 2606 574 2675 Ἆρ’
600 2605 660 2662 σόν
684 2612 762 2677 περὶ
789 2611 823 2678 ε]
850 2611 937 2677 Vulgo
961 2603 1018 2675 Ἆρ’
1043 2603 1095 2661 οὖν
1119 2609 1150 2661 οό
1177 2631 1202 2661 π.
1239 2613 1291 2663 Sed
1316 2609 1348 2663 οό
1366 2629 1409 2663 om.

399 2681 485 2730 Clark.
497 2681 556 2730 Vat.
571 2683 630 2730 Par.
648 2680 836 2731 BCEFVW.
861 2679 940 2729 vind.
957 2679 980 2729 l.
999 2678 1023 2730 6.
1046 2678 1115 2729 Flor.
1134 2696 1157 2729 a.
1174 2682 1200 2730 b.
1218 2681 1235 2729 f.
1255 2697 1280 2730 o.
1297 2697 1317 2730 e.
1336 2689 1361 2732 et
1377 2697 1409 2745 pr.

399 2748 479 2799 Coisl.
502 2748 571 2798 conf.
589 2763 612 2798 e.
629 2745 670 2798 43.
695 2739 737 2808 ἆρ’
763 2739 814 2796 οὖν
839 2747 867 2796 οἱ
890 2749 977 2796 πολλοὶ
1004 2749 1159 2810 νομίζουσιν
1182 2742 1282 2809 οόιωε,·
1310 2749 1356 2798 ubi
1379 2764 1410 2798 re

432 2940 461 2988 Β.
515 2936 547 2988 τό
583 2935 744 3004 ἀλγεινὸν
779 2937 883 2990 αὐτοῦ
933 2940 1045 2991 debebat
1067 2941 1109 2990 καί
1134 2939 1294 3009 πιθανότητα
1317 2940 1353 2996 oie
1375 2960 1411 3004 με·

400 3008 553 3069 καθορᾶν
579 3025 600 3056 κ.
625 3024 644 3055 τ.
668 3006 704 3073 λ]
741 3007 883 3058 Continent
933 3011 1031 3075 γίσιην.
1056 3007 1171 3059 Moxzaei
1191 3011 1412 3074 συμβαίνοντα

399 3075 464 3124 haec
474 3073 673 3140 explicationem
683 3076 821 3126 verborum
832 3093 880 3125 τοι·
934 3074 967 3125 ἐκ
986 3081 1039 3125 τοῦ
1056 3074 1157 3142 λόγου
1179 3077 1363 3144 intelliguntur
1379 3094 1412 3137 ea,

400 3139 481 3190 σῖτόν
515 3160 535 3190 τι
568 3149 652 3191 ποιεῖν
683 3143 793 3208 ideoque
825 3143 882 3193 eine
933 3159 1000 3208 quae
1036 3150 1230 3208 consequuntur
1260 3161 1274 3194 e
1307 3146 1413 3212 disputa·

400 3209 493 3272 copula
506 3208 594 3259 addita
608 3216 676 3259 eunt.
689 3228 713 3259 v.
729 3210 761 3260 ad
772 3211 882 3277 Apolog.
933 3213 1004 3260 tione
1027 3213 1154 3261 instituta.
1181 3228 1206 3261 v.
1230 3212 1263 3262 ad
1286 3213 1413 3264 Phaedon.

400 3277 470 3327 Βοῦν.
487 3293 511 3341 p.
530 3275 572 3327 25.
589 3278 618 3326 B.
642 3305 676 3315 -
702 3277 734 3328 ol
757 3276 814 3344 τὴν
837 3277 882 3328 δι’·
933 3295 958 3344 p.
975 3276 1017 3329 80.
1036 3279 1066 3328 Α.

400 3342 881 3410 κηιιφεόγοντεε,ραίμοεοοιυ
970 3346 1157 3410 συμβαίνει
1184 3345 1344 3413 μέγιστον
1366 3365 1414 3397 κα·

399 3412 548 3478 effugere
566 3412 710 3463 student.
935 3411 994 3461 κόν
1012 3409 1027 3481 ἡ
1045 3409 1172 3480 ἀδικία]
1192 3414 1363 3481 Quadruplex
1379 3421 1415 3466 eet

434 3479 464 3528 C.
499 3485 561 3529 πᾶν
591 3486 764 3539 ποιοῦσιν,
803 3477 882 3532 cista
933 3480 1006 3529 verbi
1048 3481 1204 3542 συμβαίνειν
1243 3484 1414 3533 constructio:

401 3542 481 3612 δ.μῆ
500 3546 537 3614 λλ]
562 3547 670 3598 omnia
687 3547 882 3608 moliuntur,
934 3554 979 3596 aut
1004 3549 1073 3596 enim
1097 3550 1256 3599 construitur
1280 3567 1338 3600 cum
1363 3551 1414 3600 eolo

399 3615 508 3663 omnia
535 3620 683 3677 tentant,
715 3621 751 3664 ut
775 3630 882 3679 neque
933 3615 1093 3666 nominativo
1106 3616 1216 3666 subiecti
1230 3622 1256 3667 et
1270 3619 1420 3682 praedicatis

398 3697 522 3746 poenas
557 3681 648 3741 dent,
692 3698 797 3747 neque
832 3689 882 3732 etc.
934 3681 1300 3748 uth.1.0tRep.1.p.329.
1319 3687 1352 3735 D.
1375 3685 1415 3735 Al-

398 3748 545 3813 Eutbyphr.
562 3764 586 3814 p.
598 3747 621 3798 8.
639 3748 667 3798 C.
686 3750 795 3816 Apolog.
810 3750 881 3799 Scor.
934 3750 1028 3800 eibied.
1043 3751 1063 3799 I.
1075 3766 1099 3814 p.
1113 3748 1169 3802 130.
1183 3751 1221 3813 0.,
1238 3760 1286 3803 aut
1303 3753 1416 3803 additum

398 3831 422 3880 p.
440 3813 482 3866 38.
500 3817 530 3867 E.
561 3815 684 3865 Similiter
701 3817 767 3866 dixit
784 3818 883 3867 Hero·
934 3816 1013 3867 habet
1029 3817 1194 3883 participium
1213 3815 1262 3878 ιόν,
1283 3813 1361 3878 οὖσα,
1379 3817 1416 3876 ὄν,

399 3883 464 3932 dot.
485 3883 515 3945 V,
534 3879 580 3933 96:
606 3889 659 3932 πᾶν
682 3889 765 3950 χρῆμα
789 3883 882 3934 ἐκίνεε.
933 3891 963 3934 ut
986 3884 1142 3949 Euthydem.
1167 3902 1192 3950 p.
1214 3884 1274 3937 281,
1298 3889 1344 3950 E„
1376 3893 1418 3938 aut

398 3950 497 4000 Eadem
518 3955 648 4000 structura
670 3951 765 4001 Phaed.
782 3967 806 4016 p.
826 3950 883 4002 114.
933 3953 1057 4002 adsciscit
1069 3952 1228 4003 infinitivum
1247 3970 1360 4020 eumque
1373 3971 1415 4020 pro

400 4017 435 4066 C:
466 4016 514 4083 χρὴ
540 4046 573 4056 -
600 4021 654 4067 πᾶν
686 4025 783 4076 ποιεῖν,
820 4017 883 4072 olere
934 4020 1007 4069 varia
1030 4019 1167 4070 verborum
1185 4021 1359 4074 collocatione
1376 4022 1415 4072 vel

400 4081 493 4152 οίρειῆε
525 4084 566 4134 καί
601 4083 759 4150 φρονήσεως
789 4086 820 4136 όν
849 4092 883 4153 τῷ
934 4104 992 4137 cum
1015 4089 1176 4138 nominativo
1200 4089 1244 4138 vel
1266 4106 1328 4140 cum
1346 4105 1416 4140 accu-

401 4153 451 4218 βίῳ
470 4157 613 4215 μετασχεῖν.
934 4155 1018 4205 sativo
1047 4156 1173 4205 iunctum.
1220 4159 1260 4207 De
1289 4163 1416 4223 postrema

433 4220 487 4268 nal
523 4218 610 4271 ὅπως
647 4217 686 4269 ἂν
724 4211 804 4271 ὦσιν
842 4218 882 4274 oio
933 4224 1032 4272 ratione
1045 4223 1158 4273 diximus
1170 4222 1416 4290 adPhileb.p.176.

401 4287 477 4351 πιθ]
498 4287 663 4338 constructio
678 4289 710 4337 ad
728 4290 883 4338 sententiam
969 4292 1001 4342 D.
1036 4290 1173 4356 μεγέθει
1205 4289 1237 4340 τὸ
1267 4289 1412 4355 dienato}

400 4355 558 4406 conformata
586 4361 632 4405 est.
679 4357 745 4406 Nem
776 4373 883 4423 pergere
934 4357 1094 4408 Advereatur
1126 4359 1176 4408 hoe
1202 4360 1344 4413 univetm
1371 4360 1415 4410 So·
