3242 5259
480 611 664 672 GORGIAS.
686 613 719 670 P.
743 616 812 668 480.
835 612 880 670 ed.
904 613 946 671 St.
1165 614 1221 670 187

186 841 188 843 ,
208 783 270 857 ἀρα
297 777 336 838 τὸ
356 777 589 856 ἀπολογεῖσθαι
609 771 690 855 ὑπὲρ
710 783 767 855 τῆς
787 774 911 848 ἀδικίας
929 783 987 854 τῆς
1007 773 1109 837 αὑτοῦ
1129 773 1150 854 ἢ
1170 797 1223 855 γο-

208 873 291 936 νέων
327 873 348 954 i)
382 871 516 952 ἑταίρων
550 872 571 950 ἢ
599 872 726 936 παίδων
753 871 775 953 ἢ
804 872 957 950 πατρίδος
983 871 1156 953 ἀδικούσης
1184 873 1224 936 ού

208 975 361 1053 χρήσιμος
383 967 479 1033 οὐδὲν
498 970 521 1052 ἦ
541 968 693 1051 ῥητορικὴ
714 969 804 1051 ἡμῖν,
835 961 860 1032 ὦ
884 972 988 1044 note,
1018 967 1108 1050 εἰμὴ
1130 969 1225 1042 ε’ίτις

209 1069 368 1148 ὑπολάβοι
397 1067 446 1131 ἐπί
473 1067 668 1131 τούναντίον
694 1071 884 1148 κατηγορεῖν
913 1067 982 1129 δεῖν
1009 1068 1143 1149 μάλιστα
1163 1065 1274 1147 μὲνί)

208 1165 345 1241 ἑαυτοῦ,
375 1161 482 1228 ἔπειτα
503 1162 543 1228 »δὲ
571 1162 625 1227 καὶ
652 1168 717 1227 τῶν
745 1164 874 1228 οίκείων
901 1164 954 1227 καὶ
974 1167 1040 1227 τῶν
1060 1167 1166 1227 ἀλλων
1187 1161 1224 1237 ὃς

207 1263 247 1324 ἀν
274 1262 324 1324 ἀεὶ
345 1263 537 1343 τῶνφίλων
556 1262 699 1344 τυγχάνῃ
720 1261 859 1338 ἀδικῶν,
887 1260 940 1326 καί
961 1261 1004 1344 μὴ
1026 1262 1223 1341 ἀποκρύπτε·

207 1367 301 1435 σθαι,
332 1353 397 1423 ἀλλ’
428 1360 472 1434 είς
497 1361 534 1422 τὸ
565 1356 709 1440 φανερὸν
737 1363 827 1440 ἀγειν
854 1361 891 1422 τὸ
919 1360 1072 1441 ἀδίκημα,
1104 1359 1158 1422 ἵνα
1177 1359 1223 1444 δῷ

207 1459 301 1539 δίκην
329 1457 383 1523 καί
410 1454 502 1538 ύγιδγς
529 1453 679 1539 γένηται,
711 1457 901 1538 ἀναγκάζειν
922 1456 1028 1519 τεκαὶ
1049 1457 1149 1520 αύτόν
1169 1457 1222 1519 καί

207 1556 265 1619 τοὺ
304 1558 424 1629 ἀλλους
444 1551 487 1635 μὴ
508 1554 705 1631 ἀποδειλιᾶν,
735 1554 815 1617 ἀλλά
836 1551 984 1636 παρέχειν
1004 1555 1151 1635 μύσαντα
1171 1552 1224 1617 καί

228 1578 381 1733 νίῂίως,
411 1647 513 1732 ὥςπερ
537 1651 664 1733 τέμνειν
692 1651 746 1716 καί
773 1654 864 1715 κάειν
891 1652 1009 1737 ἰατρῷ,
1038 1653 1074 1715 τὸ
1095 1653 1224 1733 ἀγαθὸν

208 1654 227 1715 ἀ

205 1816 342 1915 Bekkero;
365 1852 418 1903 rid.
440 1852 534 1918 explie
564 1852 651 1918 Vulgo
673 1855 733 1918 post
749 1843 770 1903 ά
787 1851 864 1902 Πάλε
886 1851 1064 1917 interrogandi
1081 1857 1145 1902 nota
1162 1859 1224 1913 erat,

207 1918 352 1988 ἀποστιγμῇ
372 1927 432 1987 post
448 1916 625 1986 ὁμολογήματα
641 1919 723 1970 illata.
757 1920 916 1970 Mutavimus
934 1935 993 1969 oum
1012 1919 1173 1970 Heindorfio.

259 2025 288 2077 Ο.
325 2018 529 2088 ἀναγκάζειν
552 2038 582 2071 τι
605 2021 655 2072 καί
675 2017 790 2087 αὐτὸν]
810 2018 1003 2072 SioVen.EZ’.
1022 2018 1135 2072 vinea.
1153 2023 1222 2071 Flor.

206 2092 284 2212 {apr
303 2090 381 2210 ξέσᾱλ
398 2091 468 2156 Aug.
483 2090 589 2140 Mearm.
613 2105 673 2140 oum
696 2088 754 2142 edit.
772 2090 833 2139 Bas.
850 2088 874 2140 2.
909 2087 996 2153 Vulgo
1018 2104 1064 2154 pro
1086 2105 1113 2139 ττ
1130 2089 1224 2141 scribe·-

257 2258 412 2322 μύσαντα
429 2261 481 2310 καί
499 2253 517 2311 α’
528 2257 688 2326 νδρείινε]
707 2258 776 2310 Flor.
794 2275 819 2308 x.
839 2254 957 2318 μύσαντα
973 2249 1005 2308 ari
1021 2257 1063 2307 καί
1081 2252 1222 2320 ἀνδρείας.

207 2346 260 2379 non
279 2345 353 2395 opus.

210 2534 257 2576 rar,
281 2511 358 2578 εἰμὴ
377 2513 406 2563 εί
419 2531 455 2566 τις
474 2508 500 2562 ιδ
518 2512 567 2573 μίν
586 2508 602 2562 ἀ
620 2510 691 2564 αθὸν
743 2511 828 2563 Anah.
846 2529 871 2577 p.
889 2510 947 2564 13e
971 2517 997 2561 et
1017 2513 1174 2577 Krueger.
1192 2513 1225 2563 ad

206 2583 310 2633 οἰκεῖον
333 2584 412 2632 καλεῖ.
447 2580 513 2631 Ibid.
535 2597 560 2648 p.
619 2579 640 2633 l.
658 2583 691 2631 D.
742 2579 801 2630 libr.
819 2579 840 2641 1,
862 2579 892 2642 ί),
909 2578 934 2630 9.
967 2579 1152 2630 Verumtamen
1175 2580 1225 2631 hoo

207 2669 240 2701 ox
273 2651 378 2715 optimis
414 2648 489 2699 libris
520 2648 638 2700 dedimus
667 2648 694 2698 τί
743 2646 847 2712 quidem
858 2648 915 2698 looo
926 2647 1004 2699 unios
1020 2647 1148 2698 tenendus
1165 2663 1226 2698 oon·

208 2718 244 2785 μὴ
264 2715 318 2782 ἄρα
342 2717 377 2768 el.
407 2717 512 2768 Laohet.
535 2733 559 2782 p.
580 2715 636 2768 196.
660 2718 693 2766 A.
742 2716 874 2766 iunetivus
914 2721 960 2764 est.
1013 2716 1080 2766 Nam
1114 2716 1225 2780 primum

208 2786 354 2851 Thuoyd.
378 2786 399 2847 Ι,
423 2782 466 2835 17ε
503 2779 586 2836 οὐδὲν
611 2785 691 2850 ἔργον
743 2782 848 2848 quidem
862 2799 920 2834 eum
934 2787 1039 2833 tuentur
1056 2784 1135 2833 aeteri
1152 2783 1225 2834 oodd.

206 2852 361 2920 ἀξιόλογον,
385 2850 461 2917 εἰμὴ
479 2853 543 2937 eir}
561 2848 628 2915 noris
647 2869 692 2902 πε·
743 2867 833 2902 omnes
874 2852 1006 2902 communi
1042 2853 1225 2914 consensiona3

208 2940 393 3043 tistitus
412 2919 543 3053 itit
551 2937 693 3052 ”titt
743 2919 991 3053 itiitsspttlf
1012 2935 1133 3052 {titt
1150 2927 1226 3052 “iiii

207 3056 366 3110 τούναντίον
388 3062 491 3121 propter
514 3061 691 3121 antegressum
743 3056 808 3106 foret
820 3057 848 3105 in
862 3055 949 3105 verbis
964 3058 1008 3106 ἵνα
1026 3054 1064 3122 δῷ
1083 3054 1159 3121 δίκην
1175 3058 1225 3106 κτλ.

207 3125 266 3178 Ἐπί
295 3125 344 3186 μὲν
369 3120 421 3188 ἀρα
446 3121 472 3173 ιδ
496 3119 692 3189 ἀπολογεῖσθαι.
743 3127 833 3189 ltaque
873 3125 911 3173 sio
945 3131 985 3174 est
1018 3123 1226 3174 existimandum.

208 3197 253 3246 sto
265 3189 414 3244 dretturer!
424 3191 535 3250 ἔλαττον,
550 3190 593 3241 ἐπὶ
604 3189 691 3249 πλέον,
743 3192 831 3242 Utitur
849 3192 968 3242 Socrates
986 3193 1151 3242 coniunctim
1169 3208 1226 3257 pro-

208 3262 251 3312 ἐπὶ
272 3256 300 3312 τδ
319 3257 394 3315 πολύ,
412 3257 456 3308 iul
474 3255 502 3310 τὸ
519 3259 633 3324 βέλτιον,
658 3262 692 3310 al.
742 3265 844 3325 pterea,
882 3259 950 3323 quod
984 3258 1076 3309 relicta
1109 3261 1226 3319 oratione

207 3347 233 3381 v.
251 3328 426 3380 Matthiae.
445 3327 488 3378 Gr.
507 3328 531 3388 §i
547 3325 606 3380 586.
627 3335 691 3378 extr.
743 3328 851 3393 obliqua
879 3328 971 3376 transit
996 3328 1049 3376 iam
1077 3327 1109 3376 ad
1138 3333 1225 3376 reotae

207 3394 415 3460 Bernhardy.
433 3395 505 3460 Synt
522 3410 549 3460 p.
565 3393 624 3446 252.
743 3395 868 3447 orationis
880 3395 1107 3455 constructionem,
1118 3394 1225 3458 perinde

243 3466 273 3518 C.
301 3461 338 3517 δι’
361 3460 402 3512 ἀν
425 3459 478 3513 ἀεί
502 3467 563 3512 τάν
586 3464 692 3524 φίλων
743 3480 774 3514 ao
786 3465 809 3513 si
822 3463 987 3528 praecederet
1003 3468 1159 3527 κατηγορεῖν
1177 3460 1225 3511 δεῖ.

209 3531 362 3599 τυγχάνῃ]
380 3531 440 3582 Non
454 3530 584 3596 improbat
598 3531 692 3580 Hein·
743 3534 773 3582 In
801 3547 854 3595 qua
879 3532 980 3580 ratione
1002 3530 1070 3579 nihil
1094 3535 1134 3578 est
1156 3529 1225 3593 quod

207 3599 488 3651 dorfiusleotionem
498 3597 569 3649 codd.
577 3599 692 3662 Mearm,
743 3615 820 3664 quem
854 3597 982 3660 offendat,
1018 3596 1226 3664 quandoquidem

209 3667 293 3729 Boot,
311 3667 382 3718 Flor.
399 3682 433 3716 m.
448 3664 566 3733 τυγχάνοι
584 3682 692 3731 eamque
744 3666 839 3717 Graeoi
863 3667 892 3716 in
917 3666 1091 3731 temperandis
1116 3666 1225 3715 misnen·

206 3754 222 3786 a
240 3750 371 3800 suspensa
388 3735 504 3785 oratione
521 3733 585 3784 dicit
597 3733 692 3785 habere
743 3735 835 3799 disque
861 3740 957 3783 reotae-
976 3740 1001 3783 et
1027 3734 1147 3797 obliquae
1170 3749 1225 3782 ora·

207 3804 411 3854 exeusationem.
435 3803 475 3851 Ao
487 3817 550 3853 sane
561 3804 692 3866 optativus
742 3803 822 3852 tionis
847 3799 986 3867 generibus
1011 3803 1077 3852 mira
1101 3802 1142 3850 usi
1165 3806 1227 3851 sunt

207 3886 269 3921 oum
286 3867 321 3919 ἀν
342 3872 449 3920 iunctus
464 3870 552 3921 looum
569 3870 648 3920 habet
664 3871 691 3919 in
742 3869 871 3919 libertate.
888 3871 955 3919 conf.
970 3869 1072 3919 Politio.
1089 3885 1113 3933 p.
1126 3867 1184 3920 268.
1197 3868 1226 3918 C.

206 3938 315 4002 obliqua
346 3938 474 3998 oratione,
509 3937 555 4002 ubi
586 3938 618 3987 is·
636 3954 692 4003 per·
777 3933 854 4002 ἀλλὰ
881 3935 1037 4001 παρέχειν
1062 3933 1224 4001 μύσαντα]

206 4011 324 4055 mutatur
346 4020 405 4056 cum
425 4005 591 4054 coniunotivo
608 4011 693 4056 rottae
744 4005 818 4055 Oonf.
835 4003 868 4055 ad
878 4020 904 4070 p.
916 4003 975 4055 475.
985 4005 1015 4054 E.
1042 4005 1093 4053 Pro
1110 4001 1227 4064 μύσαντα

208 4074 343 4134 orationis,
361 4073 407 4137 qui
423 4068 458 4120 ἄν
474 4072 525 4122 sibi
542 4072 692 4122 adiunctum
744 4074 798 4125 Th.
824 4073 991 4137 Bergkins
1017 4073 1044 4120 in
1066 4071 1134 4121 libro
1160 4071 1225 4121 Zeit-

206 4141 295 4192 habet.
331 4142 372 4190 De
389 4155 442 4207 quo
457 4155 552 4205 genera
569 4140 693 4205 loquendi
744 4138 1227 4205 soam'ftsr'r'rAltertkumrwisseraaohast

208 4225 232 4258 v.
255 4222 324 4274 quae
348 4208 470 4272 exposuit
492 4209 523 4258 (t.
540 4207 693 4258 Hermen·
743 4225 766 4257 ν.
785 4206 978 4256 Ζίκικιενιμαοα
995 4222 1019 4255 τι.
1036 4204 1111 4256 183o.
1128 4222 1154 4255 n.
1168 4205 1225 4257 114.

208 4291 268 4327 nus
287 4277 328 4327 De
338 4275 468 4342 partiouia
479 4273 513 4325 ἄν
527 4291 552 4341 p.
562 4274 612 4326 147
622 4292 692 4341 seqq.
743 4291 768 4340 p.
798 4273 856 4325 916.
894 4273 1051 4325 ooniioiebat
1088 4272 1227 4338 legendum

207 4344 339 4409 Exempla
347 4343 474 4409 quaedam
482 4343 519 4392 rei
528 4342 694 4414 suppeditant
744 4357 801 4392 esse
830 4337 865 4408 μὴ
881 4338 1011 4402 μύσαντα,
1036 4343 1160 4406 quoniam
1176 4342 1226 4391 viri

207 4414 286 4464 etiam
300 4413 513 4462 Bornenrann.
529 4411 562 4462 ad
575 4411 693 4478 Xenoph.
743 4411 818 4461 fortis
850 4413 884 4460 sit
913 4409 998 4460 oonlis
1028 4425 1082 4459 non
1112 4409 1227 4461 ooelusis
