3242 5259
513 603 752 664 GORGIAM.
775 608 847 663 483.
868 609 938 663 484.
960 606 1005 664 cd.
1029 606 1072 663 st.
1240 610 1298 667 201

283 779 417 844 τοῦτον,
440 768 480 831 ὃν
499 767 591 850 ἡμεῖς
611 765 780 850 τιθέμεθα
810 767 1001 841 πλάττοντες
1021 767 1097 846 τοὺς
1118 769 1301 847 βελτίστους

282 865 337 930 καὶ
360 863 655 946 ἐῤῥωμενεστάτονς
674 866 767 949 ἡμῶν
783 867 902 941 αὐτῶν,
923 862 959 929 ἐκ
974 863 1058 928 νέων
1071 866 1301 948 λαμβάνοντες,

283 963 388 1045 ὥςπερ
409 960 539 1038 λέοντας
559 962 791 1045 κατεπᾴδοντες
819 983 851 1028 τε
878 962 932 1026 καὶ
951 964 1175 1045 γοητεύοντες,
1205 987 1300 1027 κατα·
1373 1005 1378 1015 -

283 1063 492 1144 δουλούμεθά
513 1059 673 1144 λέγοντες,
703 1061 747 1136 ὡς
766 1063 803 1125 τὸ
831 1061 903 1126 ἴσον
931 1059 991 1143 χρὴ
1019 1058 1101 1143 ἔχειν
1129 1060 1183 1125 καὶ
1203 1062 1299 1126 τοῦτό
1321 1065 1385 1128 484

282 1157 350 1225 ἐστι
368 1161 406 1224 τὸ
428 1158 528 1224 καλὸν
555 1159 666 1224 καὶτὸ
687 1159 822 1223 δίκαιον.
853 1157 911 1222 ἐὰν
938 1156 971 1222 δέ
992 1181 1049 1240 γε,
1070 1153 1176 1241 οἶμαι,
1199 1161 1300 1240 φύσιν

283 1257 401 1340 ἱκανὴν
421 1256 550 1341 γένηται
571 1254 651 1340 ἔχων
672 1257 772 1339 άνήο,
804 1257 1030 1320 πάνταταῦτα
1050 1256 1299 1338 ἀποσεισάμενος

281 1356 337 1420 καὶ
357 1354 529 1438 διαῤῥήξας
556 1355 608 1420 ιιαλ
635 1355 826 1436 διαφυγών,
853 1355 1078 1436 καταπατήσας
1104 1355 1143 1420 τὰ
1163 1354 1298 1439 ἡμέτερα

280 1455 453 1536 γράμματα
480 1452 534 1518 καὶ
562 1454 811 1535 μαγγανεύματα
845 1451 900 1516 καὶ
934 1450 1060 1537 ἐπῳδὰς
1088 1451 1142 1516 καὶ
1177 1454 1299 1535 νόμους

282 1680 344 1715 roos
355 1660 430 1728 ἡμῶν
438 1659 531 1722 αὐτῶν,
542 1662 571 1712 ἐκ
583 1660 650 1712 νέιον
659 1660 844 1728 λαμβάνοντες,
850 1660 936 1727 ὥςπερ
946 1661 1049 1715 λέονταε
1059 1663 1100 1712 καὶ
1112 1660 1298 1729 κατεπᾴδοντὲε

282 1749 309 1782 τε
327 1749 350 1781 ιι.
369 1749 389 1780 τ.
407 1733 427 1781 λ.
463 1732 535 1794 Quae
553 1747 630 1795 quam
647 1731 734 1795 inepte
751 1735 777 1780 et
793 1736 910 1780 contorte
928 1729 1058 1792 dicantur,
1076 1747 1151 1781 nemo
1170 1732 1219 1780 erit
1235 1731 1297 1794 quin

280 1805 406 1866 protenus
423 1801 525 1849 sentiat
557 1799 652 1850 Deleri
669 1798 711 1848 nal
729 1804 787 1864 post
804 1797 918 1858 λέονταε,
939 1798 1008 1863 quod
1025 1800 1078 1848 fere
1096 1799 1146 1848 soli
1163 1801 1222 1849 Par.
1240 1800 1297 1848 EF.

280 1874 403 1930 tuentur,
432 1873 458 1918 et
487 1867 622 1918 emendavi
644 1868 886 1932 interpunctionem.
925 1867 1014 1916 Herm.
1038 1865 1166 1928 τιθέμεθα
1190 1869 1300 1918 circum-

282 1937 397 2000 scripsit.

333 2006 360 2053 P.
379 2001 438 2055 484.
463 1999 655 2068 διαφυγών,
678 1999 917 2069 καταπατήσας]
942 2003 973 2051 V.
998 1999 1140 2068 διαφυγών
1161 2002 1204 2052 καλ
1224 2020 1298 2053 κατα·

282 2069 406 2138 πατήσας.
431 2071 503 2120 Eieoi
526 2071 568 2121 καλ
592 2086 650 2121 oum
674 2068 762 2121 Clark.
779 2070 839 2120 Vet.
863 2071 942 2135 Coisl.
960 2072 1018 2123 Per.
1036 2070 1210 2121 BCEFIW.
1229 2070 1300 2120 Flor.

281 2156 305 2190 a.
323 2141 349 2189 b.
368 2155 392 2190 c.
410 2138 428 2188 f.
444 2155 478 2188 m.
490 2155 513 2191 o.
531 2155 551 2188 s.
564 2155 589 2187 x.
607 2139 648 2188 De
665 2138 715 2190 hac
732 2138 926 2204 participiorum
943 2139 1120 2189 cumulatione
1137 2138 1213 2189 modo
1230 2140 1299 2189 infra

280 2210 308 2258 in
328 2207 491 2258 enarratione
509 2208 612 2257 dictum.

279 2395 361 2444 verba
386 2393 446 2442 inde
473 2409 489 2443 a
516 2389 668 2445 πλάττοντες
697 2393 767 2442 inse·

282 2462 392 2547 quentia
409 2462 582 2526 praegressis·
604 2457 636 2510 ὃν
658 2457 763 2526 (νόμον)

280 2527 355 2597 ἡμεῖς
374 2528 514 2590 τιθέμεθα,
533 2544 705 2594 epexegeseos
723 2530 764 2578 in·

280 2605 336 2649 star
365 2596 482 2647 subiecta
509 2604 581 2659 sunt,
613 2598 641 2645 in
669 2595 764 2661 quibus

280 2666 459 2746 complurium
480 2664 673 2730 participiorum
704 2681 765 2715 con-

281 2736 368 2783 cursio
392 2733 520 2783 nemiuem
542 2731 696 2794 morabitur
719 2733 764 2796 qni

281 2802 427 2866 respexerit
454 2816 514 2852 ann.
542 2801 626 2865 adp.
652 2771 710 2851 464.
735 2801 765 2851 O

278 2870 414 2922 Phaedon.
432 2867 509 2932 μ..70
527 2869 559 2920 Δ,
577 2817 617 2922 alp
629 2868 765 2918 Sententia

279 2939 348 2988 hoec
366 2944 421 2988 est
443 2953 502 2986 nec
523 2941 628 2986 temen
651 2951 765 2986 secun-

280 3006 356 3055 dum
390 3006 487 3054 istam
515 3004 633 3069 legem,
669 3019 764 3068 quam

280 3089 341 3123 nos
359 3079 475 3122 nostro
498 3072 662 3122 sancimus
681 3070 764 3121 arbi-

278 3141 362 3191 trio:
382 3140 454 3190 dum
472 3142 556 3190 enim
575 3140 714 3205 optimos
733 3145 764 3188 et

279 3207 764 3272 validissimosnostrumipso·

278 3291 376 3325 ruma
410 3275 524 3341 pueris
551 3280 705 3340 acceptos
733 3280 764 3324 et

279 3344 379 3408 quusi
402 3343 518 3394 leones
542 3345 764 3393 incantamen-

278 3413 327 3461 tis
354 3417 387 3461 et
411 3412 610 3478 praestigiis
639 3411 762 3461 deleni-

277 3485 330 3529 tos
360 3480 539 3529 formamus
564 3479 715 3542 (educamus
738 3484 764 3528 et

277 3547 467 3611 instituimus),
494 3546 679 3612 redigimus
709 3561 762 3596 cos

279 3615 314 3663 in
356 3615 569 3676 servitutem,
611 3615 762 3664 dicentes

279 3697 421 3746 aequum
438 3679 479 3745 (τὸ
496 3682 652 3748 λ’σον)εεεε
669 3680 763 3744 illud,

279 3750 369 3814 quod
392 3750 564 3799 honestum
590 3756 692 3814 atque
720 3750 762 3798 iu·

279 3824 364 3868 stum
383 3819 433 3867 sit
452 3816 565 3867 Verbum
577 3815 694 3867 πλάττειν
703 3822 762 3881 apte

279 3896 351 3935 nunc
382 3884 415 3935 de
444 3885 652 3936 adolescentibus
686 3885 762 3934 disci-

278 3953 353 4017 plina
377 3958 404 4002 ct
432 3954 595 4020 institutione
619 3952 761 4003 formandis

278 4021 377 4070 dictum
402 4021 621 4086 significatione
614 4021 762 4100 impropria.

278 4091 318 4138 De
336 4091 401 4153 ch.
419 4090 452 4139 ll.
471 4105 498 4173 p.
512 4087 571 4139 377.
590 4089 625 4138 0·
644 4085 762 4137 πλάττειν

280 4153 323 4209 τὰς
352 4152 436 4219 ψνχαε
466 4153 553 4207 αὐτῶν
581 4162 634 4209 zois
663 4153 761 4216 μύθοις

279 4221 346 4273 πολὺ
369 4221 504 4284 μᾶλλον
489 4241 504 4288 η
528 4220 557 4274 τὰ
581 4220 683 4285 στύματα
706 4230 761 4276 ταῖς

279 4298 381 4354 νοχαῑε.
405 4294 445 4342 De
463 4293 525 4358 Rep.
544 4292 588 4342 VI.
605 4309 630 4358 p.
644 4289 702 4342 500.
720 4292 759 4340 Ι).

278 4359 320 4409 καὶ
344 4355 380 4424 μὴ
404 4357 489 4420 μόνον
512 4357 607 4409 ἑαυτὸν
636 4355 759 4409 πλάττειν.

276 4427 359 4494 Legg.
382 4427 416 4480 ll.
439 4444 464 4494 p.
489 4425 548 4480 671.
565 4428 602 4481 E:
625 4424 761 4480 παιδεύειν

817 2409 843 2442 τε
860 2395 902 2443 καλ
926 2390 1051 2443 πλάττειν.
1091 2394 1176 2443 Prave
1199 2392 1299 2443 Hein-

816 2461 948 2511 dorfius
970 2461 1058 2510 iunxit
1075 2460 1203 2520 τιθέμεθα
1221 2457 1298 2511 πλάτ-

817 2546 904 2582 τοντες
923 2531 968 2593 (sc.
987 2527 1033 2578 τὸν
1052 2526 1152 2594 νόμον),
1170 2526 1239 2593 quod
1255 2543 1299 2579 ac-

816 2597 884 2662 cepit
907 2613 953 2662 pro
980 2593 1012 2646 ὃν
1038 2595 1169 2656 τιθέμενοι
1192 2593 1298 2647 πλάττο-

819 2681 874 2726 μεν.
919 2665 980 2714 Alio
1004 2664 1081 2714 modo
1105 2664 1191 2715 locum
1216 2681 1298 2730 nuper

816 2733 941 2812 pervertit
974 2732 1003 2784 0.
1030 2733 1079 2781 Fr.
1114 2733 1299 2796 Hermann„

816 2801 861 2864 qui
878 2800 1007 2860 τιθέμεθα
1025 2801 1131 2851 arbitrio
1149 2816 1196 2851 suo
1213 2802 1299 2864 eiecit,

816 2885 867 2932 quo
891 2869 993 2919 scilieet
1016 2870 1141 2919 sermonis
1170 2874 1299 2920 structura

816 2936 935 3001 expedita
964 2936 1111 2987 haberetur.
1160 2937 1241 3002 Atqui
1268 2955 1299 2988 ee

814 3006 931 3070 profecto
949 3007 1012 3054 satis
1030 3004 1209 3071 expeditam,
1226 3005 1298 3055 dum-

815 3072 891 3122 modo
908 3074 987 3122 luerit
1004 3075 1067 3122 satis
1077 3081 1218 3139 perspecta.
1236 3075 1299 3125 Post

815 3138 920 3194 λεόνταε
938 3140 1106 3191 Heusdins
1131 3141 1299 3193 inserendum

815 3208 924 3273 putabat
913 3207 1045 3267 λδὲοντεε,
1058 3214 1218 3274 tamquam
1235 3211 1298 3261 lco-

815 3291 872 3326 nes
900 3276 1098 3327 vincientes.
1149 3277 1207 3338 Quo
1244 3294 1297 3328 non

815 3359 887 3409 opus.
922 3345 964 3394 De
981 3343 1008 3393 vi
1026 3349 1051 3394 et
1068 3349 1161 3394 nature
1182 3345 1297 3396 iustitiae

814 3413 842 3460 in
859 3412 1017 3476 aequalitate
1032 3412 1145 3476 reposita
1168 3413 1236 3462 conf.
1255 3414 1297 3462 in·

814 3481 894 3545 frap.
913 3477 1021 3531 5088

848 3496 887 3596 Pp
904 3546 963 3598 484.
1004 3546 1128 3612 ἱκανὴν.
1145 3565 1187 3629 γ.
1212 3546 1296 3609 ἔχων

815 3611 909 3680 άνήρ]
927 3615 1026 3665 Eodem
1041 3610 1150 3664 modo'
1135 3611 1203 3679 ανήο
1222 3630 1296 3664 usur·

812 3687 890 3762 patur
912 3682 1011 3733 Politic
1035 3697 1060 3746 p.
1079 3680 1137 3735 259.
1155 3683 1194 3732 A:
1220 3682 1295 3746 βασι-

814 3747 917 3799 λεύοντι
920 3748 1019 3832 χώρας
1031 3747 1121 3814 α’νθρι.
1139 3750 1257 3816 Sympos.
1271 3765 1296 3800 c.

813 3816 861 3868 16.
878 3813 1133 3935 dvqpizmvt‘pwroq
1147 3818 1296 3882 Xenopb

813 3885 886 3935 Hier.
904 3886 975 3946 VIII,
993 3885 1022 3936 5τ
1048 3881 1130 3936 αλλ’ὲ
1128 3889 1191 3952 ’μοιγ
1193 3904 1206 3936 ε
1224 3886 1300 3936 δοκεῖ

813 3953 856 4002 καὶ
874 3951 904 4003 ἐκ
921 3923 995 4004 θεάν
1018 3950 1082 4038 τιμή,
1099 3971 1134 4006 τις
1157 3955 1199 4003 nal
1223 3951 1312 4019 χάρις’

815 4021 1033 4084 σνμπαρέπεσθαι
1066 4017 1147 4084 άνδρλ
1183 4018 1295 4087 ἄρχοντι,

813 4088 846 4137 al.
881 4090 1003 4139 Proxime
1020 4091 1129 4139 fortasse
1146 4089 1217 4140 dicta
1235 4096 1297 4140 sunt

812 4155 845 4205 ad
868 4157 1039 4207 imitationem
1068 4158 1195 4207 Homer.
1220 4157 1296 4208 Iliad.

812 4225 856 4273 VI.
875 4241 899 4273 v.
920 4223 972 4275 506
995 4241 1062 4309 seq:
1088 4221 1124 4277 ύε
1148 4221 1209 4274 δ”
1193 4241 1236 4274 ore
1260 4243 1296 4278 us

815 4307 903 4344 oratos
921 4293 1007 4351 ἵππον,
1012 4289 1173 4378 ἀκοστήσας
1185 4291 1229 4342 ἐπὶ
1244 4290 1296 4356 qod·

813 4377 868 4423 τνῃ,
887 4355 986 4420 δεσμὸν
1003 4355 1156 4425 αποροηξαε
1166 4361 1230 4426 θείη
1249 4378 1296 4411 πε-

812 4427 879 4481 δίοιο
902 4430 1037 4493 κροαίνων
1068 4446 1092 4482 ιι.
1116 4446 1134 4478 τ
1153 4431 1174 4482 λ
1218 4429 1295 4484 certe
