3242 5259
564 581 748 690 GOleIAS.
769 632 803 690 P.
831 635 901 689 455.
925 631 970 689 ed.
994 632 1036 691 St.
1252 637 1311 690 109

286 793 394 854 ὄντων
414 791 563 874 μαθητής
584 805 645 855 σου
666 793 865 876 βουλόμενος
884 789 1048 876 γενέσθαι,
1073 793 1117 866 ὡς
1138 791 1200 874 ἐγώ
1221 817 1311 870 τινας

286 889 405 970 σχεδὸν
425 889 480 953 καλ
500 889 639 972 συχνοὺς
660 889 874 972 αίσδάνομαι,
908 892 940 955 οἳ
959 890 1036 966 ἰ’σως
1056 887 1247 973 αἰσχύνοιντ’
1268 896 1310 956 ἀν

286 1000 320 1049 σε
343 984 526 1068 ἀνερέσθαι.
577 977 630 1051 ὑπ’
654 986 733 1071 ἐμοῦ
754 981 815 1051 οὖν
835 988 1081 1072 ἀνερωτώμενος
1100 990 1236 1071 νόμισον
1257 991 1311 1054 καὶ
1331 987 1364 1051 Ι)

284 1084 339 1147 ὑπ’
363 1083 496 1148 ἐκείνων
524 1085 769 1167 ἀνερωτάσθαι,
804 1086 842 1149 Τί
870 1087 965 1169 ἡμῖν,
996 1078 1183 1168 ὦΓοργία,
1212 1084 1313 1166 ἔσται,Ι

285 1181 343 1244 έάν
374 1199 427 1246 σοι
453 1187 621 1265 συνωμεν;
659 1184 732 1265 περὶ
759 1183 858 1247 τίνων
884 1195 923 1267 τῇ
958 1187 1048 1249 πόλει
1076 1187 1309 1268 συμβουλεύειν

284 1273 352 1343 οίοί
371 1302 405 1343 τε
427 1278 586 1364 {edurum
606 1283 744 1363 πότερον
762 1281 835 1362 περὶ
854 1282 980 1346 δικαίου
995 1284 1099 1364 μόνον
1112 1281 1166 1346 καί
1181 1284 1307 1360 ἀδίκου,

284 1377 305 1458 ἢ
327 1377 381 1441 καί
404 1378 477 1460 περὶ
499 1366 547 1441 ὧν
566 1377 689 1462 νυνδὴ
711 1381 888 1462 Σωκράτης
908 1377 1012 1460 ἔλεγες
1043 1383 1143 1461 πειρῶ
1170 1374 1230 1443 οὖν
1251 1381 1308 1444 αύ-

284 1481 355 1550 τοῑς
375 1476 619 1559 ἀποκρίνεσθαι.
663 1480 759 1541 ΓΟΡ.
779 1470 866 1540 ’Ἀλλ’
887 1475 950 1558 ἐγώ
971 1491 1022 1540 σοι
1043 1482 1251 1560 πειράσομαι,
1282 1468 1308 1540 ὦ

284 1575 476 1653 Σώκρατες,
508 1578 623 1657 σαφῶς
653 1574 862 1650 ἀποκαλύψαι
890 1573 951 1657 τὴν
978 1584 1035 1658 τῆς
1055 1576 1225 1659 ῥητορικῆς
1253 1577 1307 1639 δύ-

284 1694 385 1752 ναμιν
407 1672 555 1735 ἅπασαν·
587 1672 685 1746 αὐτὸς
711 1671 773 1754 γὰρ
794 1675 899 1746 καλῶς
926 1672 1094 1757 ύφηγήσω.
1124 1668 1224 1738 οίσδα
1244 1674 1306 1756 γὰρ

285 1770 405 1856 δήτιον,
427 1764 477 1833 ὅτι
498 1769 537 1832 τδι
558 1770 675 1849 νεώρια
695 1781 796 1834 ταῦτα
820 1769 874 1833 καὶ
894 1770 933 1833 td
954 1772 1038 1853 τείχη
1058 1772 1098 1835 sir
1119 1773 1307 1855 Ἀθηναίων
1328 1780 1358 1844 Ε

284 1866 339 1930 καὶ
367 1867 390 1949 ἡ
425 1871 494 1931 τῶν
527 1865 665 1949 λιμένων
693 1868 875 1950 κατασκευὴ
904 1866 938 1931 ἐκ
972 1877 1029 1949 τῆς
1058 1869 1309 1952 Θεμιστοκλέους

284 1966 474 2047 συμβουλῆς
493 1963 627 2046 γέγονε,
655 1958 744 2029 τὰδ’
776 1965 810 2029 ἐκ
831 1974 886 2047 τῆς
909 1965 1123 2047 Περικλέους,
1152 1961 1218 2030 ἀλλ’
1248 1969 1308 2033 ούκ

284 2204 344 2263 gata
361 2195 517 2262 ἀνέρεσδαι,
537 2214 615 2263 quam
632 2200 787 2264 scripturam
810 2199 908 2264 ubique
931 2200 1133 2266 repudiavimus.
1169 2201 1217 2251 Est
1237 2201 1307 2253 enim

286 2264 396 2316 verbum
413 2262 624 2316 αύθυπότακτον.

333 2335 363 2383 Ε.
384 2332 488 2384 καὶτὰ
507 2337 594 2398 τείχη
612 2330 647 2383 τὰ
665 2330 831 2399 Ἀθηναῖοι
840 2333 863 2399 ν]
882 2334 926 2383 Sic
937 2334 1024 2385 Clark.
1037 2336 1095 2385 Vat.
1109 2335 1143 2384 Λ.
1157 2335 1235 2385 Goisl.
1247 2337 1306 2385 Par.

284 2401 414 2452 BOVW.
433 2402 502 2451 Flor.
522 2417 545 2451 a.
565 2403 589 2450 b.
607 2418 630 2452 o.
648 2418 674 2450 x.
709 2401 795 2467 Vulgo
814 2404 857 2450 καί
877 2401 905 2451 τὰ
924 2405 992 2466 τείχη
1010 2409 1062 2452 τῶν
1079 2400 1240 2468 Ἀθηναίων.
1257 2402 1305 2452 Ed.

284 2470 343 2519 Bas.
362 2468 388 2520 2.
411 2469 453 2520 καί
472 2467 502 2519 sd
520 2473 587 2534 τείχη
605 2467 635 2519 τὰ
659 2475 711 2539 τῶν
727 2465 784 2519 Ἀθ.
808 2470 878 2520 Flor.
896 2485 918 2520 c.
948 2472 990 2519 καί
1010 2469 1037 2520 τὰ
1061 2473 1128 2534 τείχη
1145 2466 1306 2534 Ἀθηναίων.

284 2695 375 2730 recum
393 2680 534 2742 transtulit,
552 2695 631 2744 quum
643 2680 770 2730 Phalereo
823 2686 866 2746 τῆς
890 2680 1065 2746 δημιουργῶν.
1101 2680 1305 2731 Soheeferus

284 2755 361 2812 portu
380 2754 459 2798 antea
476 2748 647 2798 Athenienses
672 2749 715 2797 usi
732 2763 770 2797 as·
823 2747 855 2796 ad
878 2747 999 2811 Apellen.
1022 2748 1104 2798 Rhod.
1126 2749 1159 2800 ΙΙ.
1184 2750 1258 2798 Tem.
1279 2765 1304 2814 p.

284 2822 349 2866 sent
366 2817 400 2866 V.
424 2815 593 2866 Plutarch.
608 2822 643 2865 'et
659 2817 770 2881 Nepet.
823 2812 880 2865 141.
899 2813 927 2865 ἐκ
945 2820 988 2881 τῆς
1000 2820 1052 2864 τῶν
1066 2814 1235 2882 δημιουργῶν
1251 2832 1306 2867 cor·

284 2885 349 2934 Vitt.
357 2883 544 2934 Themistoclis
566 2889 642 2948 utque
653 2884 770 2933 lustin.
821 2885 891 2949 rigit,
909 2883 977 2947 quod
988 2894 1142 2948 receperunt
1153 2887 1230 2934 etiam
1249 2884 1306 2934 Co-

284 2950 374 3014 ll,10.
391 2953 428 3001 Et
439 2950 554 3002 celebres
569 2958 630 3001 sunt
641 2951 682 3000 illi
696 2951 771 3013 muri,
823 2966 895 3006 raes
905 2958 930 3001 et
943 2951 1112 3018 Hirschig.
1125 2954 1260 3002 Bestius
1272 2952 1305 3001 ad

284 3036 299 3069 a
316 3019 425 3070 Socrate
449 3021 537 3069 statim
553 3025 613 3084 post
634 3019 770 3080 nominati,
823 3017 1306 3084 Gregor.Corinth.p.360.„Librarii’',

285 3088 330 3151 qui
348 3086 378 3137 τὸ
397 3084 501 3150 μακρὸν
518 3094 597 3150 τεῖχος
620 3101 667 3136 seu
685 3085 771 3150 μακρὰ
821 3086 915 3150 inquit,
932 3086 994 3146 ¹,ubi
1002 3087 1054 3136 duo
1064 3088 1170 3137 articuli
1183 3088 1306 3153 deinceps

285 3157 353 3219 τείχη
388 3160 415 3204 et
452 3153 528 3218 σκέλη
563 3152 770 3220 appellabantur,
821 3161 967 3218 ponuntur,
985 3154 1093 3204 alterum
1112 3156 1215 3221 saepius
1232 3158 1306 3206 omit·
1332 3184 1337 3190 ‹

282 3224 408 3287 utrinque
436 3223 574 3288 iungentes
603 3223 695 3273 Piraeo
728 3236 771 3271 ur-
821 3221 902 3270 tunt.''
953 3221 1064 3273 Codices
1097 3228 1184 3273 tamen
1215 3240 1306 3273 manu-

283 3289 352 3340 bem.
402 3290 500 3340 Eorum
522 3289 587 3340 alter
610 3287 638 3339 τὸ
660 3286 771 3371 βόρειον
822 3291 912 3355 scripti
928 3289 1062 3355 vulgatam
1079 3290 1216 3340 lectionem
1232 3297 1306 3341 tuen-

282 3355 438 3419 vocabatur,
456 3358 523 3407 alter
533 3363 620 3408 autem
633 3356 662 3407 τὸ
674 3375 769 3407 νοτιον.
822 3363 864 3407 tur
882 3372 980 3407 omnes.
1014 3359 1068 3408 Nec
1084 3353 1146 3407 reio
1163 3358 1306 3422 quidquam

282 3424 467 3475 Fundamenta
495 3425 588 3475 iecisse
621 3424 771 3490 perhibetur
821 3425 981 3475 mutandum.
1003 3425 1147 3488 Xenoph.
1175 3426 1254 3474 Mem.
1271 3427 1306 3486 Π,

284 3493 397 3554 Cimon,
420 3493 459 3542 uti
475 3492 588 3543 ostendit
604 3509 618 3543 e
636 3494 770 3543 Plutarchi
822 3490 846 3555 4,
864 3492 894 3544 6:
927 3488 1009 3559 ὁγὰρ
1027 3488 1130 3558 ἀγαθὸς
1149 3494 1225 3554 φιλας
1242 3492 1304 3542 ἑαυ·

283 3561 395 3611 Cimone
418 3562 590 3611 Meursius
618 3560 649 3610 de
677 3561 769 3611 Piraeo
822 3559 871 3610 τὸν
888 3558 968 3609 τάττει
986 3560 1053 3625 πρὸς
1072 3565 1123 3610 πᾶν
1141 3558 1168 3609 τὸ
1187 3559 1304 3610 ἐλλεῖπον

283 3645 306 3678 c.
332 3627 372 3691 2.,
395 3643 461 3691 opus
484 3644 545 3678 vero
567 3629 705 3694 perfecisse
722 3630 770 3680 Pe·
823 3633 857 3695 τῷ
877 3631 945 3694 φιλῳ
963 3629 1005 3678 καὶ
1033 3633 1078 3694 τῆς
1096 3633 1146 3677 τῶν
1164 3626 1241 3678 ἰδίων
1259 3646 1304 3678 κα-

281 3695 362 3746 ricles
386 3711 465 3760 opera
490 3696 637 3747 Callicratis
660 3697 770 3746 archita·
822 3701 948 3761 ταοκενῆο
976 3696 1019 3746 καί
1043 3701 1095 3745 τῶν
1117 3702 1214 3746 κοινῶν
1238 3694 1304 3760 πρά-

283 3764 328 3814 eti.
348 3762 386 3813 Τὸ
405 3763 435 3814 δὲ
452 3762 555 3827 μακρὸν
572 3771 666 3829 τεῖχος,
684 3765 771 3829 inquit
823 3766 899 3827 ξεων,
917 3764 943 3813 h.
962 3780 985 3814 e.
1007 3764 1050 3814 nal
1069 3770 1112 3830 τῆς
1132 3770 1184 3815 τῶν
1206 3770 1304 3814 κοινῶν

282 3832 488 3882 Plutarchus
506 3833 534 3880 in
551 3832 653 3882 Pericle
667 3847 693 3917 p
713 3831 769 3884 160.
823 3829 953 3896 πράξεων.
1000 3832 1073 3882 Nihil
1101 3833 1152 3882 hoe
1176 3848 1226 3881 usu
1253 3848 1305 3882 cre-

282 3900 324 3959 A,
349 3900 411 3963 περὶ
434 3891 467 3948 οὗ
491 3897 633 3965 Σωκράτης
657 3902 772 3950 caedual
821 3899 893 3948 brius
919 3898 948 3950 in
967 3899 1212 3964 comparationibus.
1235 3901 1303 3951 conf.

284 3982 368 4032 φησιν
386 3963 464 4019 αύτδε
488 3965 676 4033 είεηγονμὲνου
700 3964 769 4034 γνιύ·
821 3963 963 4017 Boeckh.
981 3969 1111 4032 Explicat.
1123 3968 1198 4017 Pind
1211 3983 1236 4032 p.
1247 3967 1304 4020 104.

281 4033 548 4154 llltllt‘tlm’
606 4031 769 4101 ἠργολάβησε
821 4035 1066 4164 letheae·
1087 4033 1195 4152 lum·
1223 4037 1305 4154 Fili

316 4172 346 4219 E.
383 4120 448 4219 did
477 4165 537 4219 ούκ
561 4167 594 4218 ἐκ
625 4176 688 4219 τῶν
718 4167 769 4234 δη·
821 4169 1006 4234 Kiessling.
1031 4169 1063 4219 ad
1081 4120 1244 4233 'l'heoeanL
1263 4169 1303 4221 15.

281 4236 463 4303 μιονργῶν]
483 4237 769 4302 Breviloquentiahaeo
821 4239 911 4302 Neque
929 4238 1030 4286 Latinis
1048 4242 1088 4286 est
1104 4237 1169 4287 haec
1181 4239 1248 4288 ratio
1266 4240 1305 4288 in-

279 4307 351 4356 viros
374 4305 466 4355 doctos
495 4305 562 4355 male
584 4305 684 4356 habuit
729 4307 769 4354 lta
821 4307 925 4354 usitata.
949 4320 973 4353 v.
998 4305 1103 4354 Cicer.
1139 4306 1178 4354 Dc
1202 4306 1304 4357 Orator.

279 4376 510 4424 Buttmannus
550 4378 575 4422 et
609 4371 769 4423 Heindor·
821 4372 882 4433 1‚4‚
902 4369 941 4421 15.
960 4372 1066 4422 Tuscul.
1085 4373 1111 4432 1,
1130 4371 1195 4435 1,2.
1214 4375 1303 4439 ibique

277 4443 346 4493 sius
376 4441 517 4507 legendum
546 4442 712 4492 coniecerunt
740 4439 768 4490 ἐκ
820 4439 984 4490 Kuehner.
