3242 5259
566 574 748 635 GORGIAS.
770 576 803 637 P.
827 581 896 636 625.
919 578 965 637 ed.
990 579 1032 639 St.
1244 584 1304 640 389

283 763 340 814 τας
355 738 415 803 τὸν
432 739 480 803 ciel
496 741 626 821 χρόνον,
647 739 784 821 άτεχνάς
804 739 1044 823 παραδείγματα
1064 741 1305 825 ἀνηρτημένους

284 836 352 902 ἐκεῖ
380 833 539 901 ἐν”Αιδου
569 835 603 900 ἐν
623 841 670 921 τῴ
690 837 913 920 δεσμωτηρίῳ,
942 845 1009 923 τοῖς
1030 837 1078 902 άεὶ
1097 844 1163 903 των
1183 841 1304 904 άδίκων

286 931 541 1017 ἀφικνουμένοις
561 937 707 1018 θεάματα
728 936 782 998 καὶ
801 940 1038 1019 νουθετήματα.
1070 924 1116 1000 ὧν
1138 935 1200 1018 ἐγώ
1221 962 1303 1021 φημι
1324 943 1357 1008 D

285 1033 342 1098 ἕνα
369 1032 423 1096 καὶ
440 1027 609 1116 Ἀρχέλαον
630 1029 774 1110 ἔσεσθαι,
805 1035 833 1096 εἰ
853 1035 959 1117 άληθῆ
980 1034 1063 1117 λε’γει
1085 1038 1220 1112 Πῶλος,
1249 1035 1303 1099 καὶ

284 1136 385 1195 ἄλλον
414 1131 497 1206 ὅςτις
526 1131 567 1195 δν
586 1141 733 1206 τοιοῦτος
752 1133 912 1213 τύραννος
933 1129 965 1214 ᾖ
988 1128 1077 1215 οἶμαι
1097 1131 1131 1195 δὲ
1151 1131 1206 1196 καὶ
1226 1133 1303 1208 τοὺς

281 1228 425 1303 πολλοὺς
456 1223 537 1294 εἶναι
565 1230 641 1304 τοὺς
668 1231 793 1294 τούτων
822 1235 888 1294 τῶν
908 1231 1173 1313 παραδειγμάτων
1194 1229 1228 1294 ἐκ
1249 1255 1301 1295 τυ-

282 1330 416 1409 ράννων
443 1327 497 1392 καὶ
518 1326 676 1406 βασιλέων
696 1328 749 1392 καὶ
769 1330 940 1393 δυναστῶν
959 1331 1012 1393 καὶ
1033 1329 1071 1392 τδι
1091 1334 1157 1393 τῶν
1177 1331 1302 1394 πόλεων

281 1425 476 1507 πραξάντων
492 1426 680 1507 γεγονότας·
704 1417 794 1492 οὗτοι
810 1426 872 1508 γδιρ
894 1426 946 1490 διὰ
966 1428 1026 1509 την
1047 1425 1196 1505 ἐξουσίαν
1216 1424 1300 1509 μέγι-

283 1539 343 1587 στα
360 1521 414 1587 καὶ
435 1517 636 1587 άνοσιάτατα
657 1523 866 1607 ἁμαρτήματα
888 1524 1118 1606 ἁμαρτάνουσι.
1147 1531 1304 1607 μαρτυρεῖ

284 1620 318 1685 δὲ
355 1622 482 1696 τούτοις
518 1620 569 1683 καὶ
590 1614 753 1705 Ὅμηρος·
793 1621 941 1704 βασιλέας
967 1623 1030 1705 γδιρ
1060 1623 1114 1687 καὶ
1141 1626 1302 1698 δυνάστας

281 1717 404 1793 ἐκεῖνος
431 1721 585 1803 πεποίηκε
612 1719 689 1795 τοὺς
716 1719 751 1784 ἐν
769 1715 891 1785 ’Ἃιδου
918 1721 976 1785 τδν
997 1720 1045 1784 clei
1064 1723 1186 1804 χρόνον
1206 1746 1299 1804 τιμω-
1322 1735 1351 1800 Ε

280 1813 480 1899 ρουμένους,
514 1819 680 1882 Τάνταλον
707 1817 761 1882 καὶ
789 1819 943 1900 Σίσυφον
969 1820 1021 1883 καὶ
1049 1820 1178 1883 Τιτυόν.
1224 1823 1300 1900 Θερ-

282 1917 377 1998 σίτην
396 1915 446 1994 δέ,
474 1917 528 1979 καὶ
559 1917 654 1992 εἴτις
674 1921 770 1992 ἄλλος
790 1917 934 2000 πονηρὸς
956 1912 996 2000 ἦν
1018 1912 1164 2002 ἰδιώτης,
1196 1917 1301 1994 οὐδεὶς

284 2014 435 2098 πεποίηκε
463 2015 613 2097 μεγάλαις
641 2018 804 2098 τιμωρίαις
832 2019 1048 2099 συνεχόμενον
1078 2018 1121 2091 ὡς
1149 2017 1298 2080 άνίατον·

333 2198 363 2249 C.
401 2195 454 2248 διὰ
480 2195 514 2248 τὰ
544 2203 679 2249 τοιαῦτα
705 2196 904 2266 ἀδικήματα]
933 2200 1079 2250 Articulum
1101 2199 1243 2250 adiecimus
1267 2217 1300 2250 ex

281 2266 352 2318 Flor.
370 2266 395 2315 d.
414 2283 438 2317 o.
456 2283 481 2316 x.
507 2266 580 2317 Bodl.
599 2267 900 2319 praemeditetur.
923 2269 1018 2318 Euseb.
1037 2268 1191 2319 Theodorei.
1210 2268 1299 2331 Suidp.

279 2334 403 2386 Eundem
420 2334 466 2385 ulii
484 2341 509 2385 et
527 2336 599 2385 editt.
582 2342 707 2385 tomnes
724 2342 884 2400 spreverunt.

332 2405 366 2454 D.
402 2402 461 2452 ἕνα
484 2403 536 2453 καὶ
556 2399 733 2468 Ἀρχέλαον
751 2403 902 2470 ἔσεσθαι]
928 2404 976 2453 ἕνα
993 2420 1042 2456 om.
1060 2401 1156 2454 Euseb.
1174 2403 1299 2469 probante

278 2470 444 2534 Heindorfio,
462 2471 508 2522 sed
525 2472 618 2522 melius
636 2480 760 2523 servatur.

334 2541 388 2590 nai
413 2536 489 2593 τοδε
512 2539 651 2593 πολλοὺς
675 2535 765 2590 εἶναι
790 2537 867 2593 τοδε
891 2559 909 2588 τ
930 2558 947 2588 τ.
968 2539 1009 2623 τι]
1028 2540 1072 2590 Sic
1090 2539 1177 2589 Clark.
1197 2541 1256 2591 Vot
1274 2547 1300 2591 et

278 2609 339 2658 Pur.
359 2609 389 2658 B.
408 2624 424 2657 a
441 2625 474 2657 m.
493 2624 542 2658 rec.
552 2609 676 2690 Vulgo:
705 2607 814 2661 notioris
837 2602 906 2657 εἶναι
930 2604 1028 2658 τοότωι
1053 2612 1105 2657 τῶν
1123 2606 1298 2688 παραδειγμά-

279 2693 333 2727 των
357 2673 418 2728 toris
441 2674 470 2725 ἐκ
493 2673 633 2740 τυράννων
654 2677 696 2726 καὶ
721 2678 759 2741 β.,
784 2679 811 2726 in
835 2675 929 2756 quibus
953 2680 1005 2726 uir
1025 2673 1240 2741 παραδειγμάτων
1258 2693 1300 2727 su·

279 2750 402 2809 spectum
413 2742 549 2794 videbatur
561 2745 720 2795 Heindortio.
756 2746 841 2807 Quum
859 2745 1033 2828 suspicionem
1051 2745 1202 2794 confirmare
1220 2745 1300 2794 alicui
1321 2748 1329 2763 ’

279 2811 402 2862 videatur
419 2814 546 2878 scripturo
562 2813 732 2878 plurimorum
749 2813 890 2863 librorum
910 2808 1019 2865 notioris
1036 2805 1104 2861 εἶναι
1122 2810 1222 2862 τούτων
1240 2810 1299 2866 τοδε

282 2885 337 2930 τῶν
350 2878 592 2961 παραδειγμάτων
579 2898 607 2930 εκ
621 2899 649 2930 τι
653 2899 769 2944 ραιτων
798 2883 863 2931 Nam
869 2883 958 2964 pauci
976 2882 1053 2930 etium
1071 2882 1166 2931 omisso
1186 2878 1299 2931 τσόιτων

283 2943 427 2999 εἶναιτοὺς
444 2947 494 2998 τῶν
513 2948 735 3015 παραδειγμάτων.
763 2950 831 3016 Aug.
850 2942 920 2999 εἶναι
939 2946 1036 2999 τούτων
1053 2953 1105 2999 τῶν
1123 2948 1298 3016 παραδειγμά-

284 3034 346 3065 των.
365 3031 390 3068 v.
408 3022 489 3068 annot

280 3183 392 3237 roritovt
416 3183 484 3236 δὲ’
470 3183 672 3267 ηπροεήιιοοσα
688 3194 767 3249 μοῖρα

286 3248 371 3315 ῥίπτει
386 3251 425 3306 els
443 3250 489 3302 τδν
503 3253 638 3316 τάρταρ.οι
667 3256 707 3304 De
718 3257 766 3304 Re-

283 3319 355 3384 publ.
377 3321 410 3403 X.
433 3337 457 3386 p.
481 3320 539 3372 615.
562 3324 598 3372 E:
628 3318 706 3371 όπότε
730 3340 766 3374 τιε

283 3394 336 3438 τῶν
364 3386 448 3442 οὕτως
478 3385 590 3442 ἀνιάτως
614 3387 765 3454 όχόιμτων
750 3409 765 3456 η

281 3473 316 3521 μη
307 3452 426 3510 ’ἱκανῶν
439 3453 560 3510 δεδωκότι
579 3457 656 3523 δίκην
674 3457 765 3521 ἐπιχει-

283 3531 328 3589 ροῖ
355 3521 522 3575 evitem.-
551 3526 585 3575 τὰ
610 3527 765 3589 παραδεί-

278 3609 390 3658 γματιτ.
436 3594 554 3644 Articulo
583 3597 676 3657 utitur,
691 3596 766 3676 quia

279 3661 388 3724 respicit
406 3661 439 3710 cd
457 3664 589 3745 superiora
606 3659 702 3712 illa‘*
687 3682 702 3728 η
718 3679 764 3712 πα

282 3728 436 3794 ραδειγματι
451 3737 502 3782 τοῖς
517 3727 601 3783 ἄλλοις
617 3733 764 3796 γιγιεσδαι.

281 3799 321 3846 De
347 3797 473 3848 dictionis
495 3800 623 3864 probitate
651 3816 704 3849 non
727 3805 766 3848 est

282 3865 351 3930 quod
371 3864 482 3916 dubites.

315 3933 583 3998 παραδείγματα
620 3930 764 3998 άνηρτη-

279 3999 419 4067 μένονε]
446 4003 564 4052 Imitatus
587 4009 625 4052 est
642 4003 711 4051 hunc
729 4001 766 4051 lo·

279 4084 340 4118 eum
369 4070 522 4120 Basilius
552 4073 586 4120 Μ.
617 4071 693 4119 Hom.
719 4071 764 4120 IX.

279 4153 304 4200 p
323 4134 438 4200 366..E‚
455 4145 485 4188 ut
501 4140 602 4188 monuit
620 4140 766 4202 Wytten·

280 4204 378 4256 buch.
419 4206 452 4255 ud
479 4208 609 4257 Plutarch
638 4209 677 4256 Dc
704 4209 766 4256 Sere

279 4274 358 4324 Num.
377 4274 455 4324 vind.
473 4291 498 4339 p
511 4273 576 4337 108.,
594 4277 639 4324 ubi
657 4275 688 4324 de
706 4275 766 4323 l’la-

279 4341 368 4392 tonico
397 4341 448 4394 hoc
477 4312 600 4410 figmento
624 4343 766 4408 disputavit

279 4408 397 4461 uberius.

853 3188 885 3235 D.
913 3183 1165 3253 ταδἈρχέλαον]
1184 3189 1300 3252 Respicit

817 3255 850 3303 ad
868 3254 926 3303 Poli
944 3258 1117 3305 narrationem
1135 3272 1190 3319 cup.
1203 3256 1299 3306 XXVI.

817 3329 842 3370 et
859 3323 968 3371 XXVII.
986 3338 1010 3386 p.
1029 3321 1086 3372 470.
1104 3325 1136 3372 D.
1141 3339 1225 3408 seqq.

851 3387 926 3442 τοδε
950 3389 1093 3442 πολλοὺς
1115 3383 1298 3442 circatoris

818 3454 947 3507 τούτων
977 3463 1038 3507 τῶι
1068 3456 1199 3524 παραδ]
1236 3459 1299 3509 Sen-

816 3526 897 3574 tentia
920 3527 984 3575 haec
1007 3531 1059 3575 est:
1082 3527 1231 3577 arbitror
1249 3543 1299 3576 au-

817 3602 877 3642 tem
900 3594 1077 3658 plurimos,
1106 3595 1162 3658 qui
1186 3595 1298 3645 istius·

817 3661 906 3711 modi
949 3663 1180 3727 exemplorum
1219 3662 1297 3714 loeo

816 3738 1057 3795 proponuntur
1081 3731 1211 3781 furseo
1203 3737 1255 3780 1n
1263 3748 1298 3780 cr

817 3807 980 3862 tyrannos
1009 3807 1039 3848 ct
1067 3816 1162 3883 rogos
1193 3807 1222 3848 et
1248 3800 1298 3849 do·

816 3868 931 3917 minos.
965 3870 1074 3932 iungas.
1104 3884 1174 3926 οιμαι
1200 3867 1230 3917 δὲ
1254 3867 1296 3916 καὶ

817 3931 877 3987 τοὺς
901 3935 1022 3992 notioris,
1046 3934 1107 3987 robe
1131 3932 1228 3985 τούτων
1246 3940 1297 3985 τῶν

818 4002 1032 4068 παραδειγμάτων
1064 4004 1135 4066 (qui
1161 4010 1237 4053 eunt
1263 4005 1296 4053 in

816 4072 929 4122 horum
952 4071 1175 4135 exemplorum
1193 4087 1298 4121 nume·

817 4142 874 4202 ro),
892 4133 962 4188 εἶναι
971 4136 1109 4223 γεγοηόται·
1119 4137 1147 4188 ἐκ
1161 4138 1296 4202 τυράννων

818 4226 839 4256 κ.
858 4225 877 4256 τ.
895 4208 915 4255 i.
955 4209 995 4256 De
1019 4224 1088 4257 ειναι
1110 4205 1296 4273 γεγονότοιν.

817 4282 904 4325 annot.
921 4274 1096 4324 udehuedou
1110 4276 1295 4338 p.100.1).al.

851 4343 902 4391 καὶ
922 4340 1073 4425 Ὀμηροι]
1100 4345 1246 4410 Respicitur
1263 4346 1296 4396 ud

817 4411 911 4477 Odyss.
928 4408 956 4461 λ’.
975 4428 999 4463 v.
1017 4410 1068 4464 575
1085 4429 1156 4478 seqq.
