3242 5259
472 526 475 534 ’
505 554 689 615 corcus
711 557 744 614 Ρ.
769 559 838 614 524.
863 559 932 614 525.
954 557 999 615 eo.
1023 555 1065 615 st.
1239 555 1299 614 τοι

278 734 339 795 σας
360 723 476 782 θεᾶται
503 714 637 782 ἑκάστου
664 717 725 802 τὴν
752 721 881 803 ψυχήν,
910 719 971 783 οὐκ
992 717 1082 793 εἰδὼς
1103 717 1183 782 ὅτου
1204 716 1297 795 ἐστίν,

276 816 360 882 άλλδι
386 817 539 891 πολλάκις
572 827 631 881 τοῦ
664 817 805 899 μεγάλου
836 814 990 898 βασιλέως
1022 815 1250 899 ἐπιλαβόμενος
1278 817 1298 900 ἢ

279 919 381 980 ἄλλον
410 915 552 979 ὁτουοῦν
586 913 740 996 βασιλέως
774 915 795 996 ἢ
830 915 993 980 δυνάστου
1021 916 1167 979 κατεῖδεν
1203 916 1300 980 οὐδὲν

280 1013 367 1097 ὑγιὲς
388 1010 428 1078 δν
449 1023 505 1095 τῆς
525 1022 641 1096 ψυχῆς,
664 1013 742 1078 άλλδι
763 1013 1101 1096 διαμεμαστιγωμὲυην
1121 1011 1175 1077 καὶ
1191 1015 1299 1078 οὐλῶν

279 1110 400 1196 μεστὴν
420 1111 485 1175 ὑπὸ
508 1109 680 1192 ἐπιορκιῶν
708 1113 772 1175 καίΙ
789 1111 933 1186 άδικίας,
961 1113 981 1173 θ
1009 1107 1124 1193 ἑκάστη
1144 1112 1166 1194 ἦ
1186 1112 1299 1193 πρᾶξις
1319 1114 1382 1180 525

278 1214 383 1276 αὐτοῦ
405 1209 603 1291 ἐξωμόρξατο
625 1211 667 1285 εἰς
687 1208 747 1292 τὴν
767 1212 887 1292 ψυχήν,
910 1209 963 1271 καὶ
980 1210 1085 1272 πάντα
1103 1210 1214 1273 σκολιὰ
1235 1211 1298 1274 ὑπὸ

275 1309 424 1385 ψεύδους
445 1307 498 1372 καὶΙ
519 1309 704 1385 ἀλαζονείας
721 1305 775 1370 καὶ
793 1306 889 1370 οὐδὲν
910 1307 993 1370 εὐθὺ
1009 1307 1062 1371 διδ
1076 1305 1113 1370 τὸ
1129 1311 1209 1371 ἄνευ
1224 1310 1298 1392 άλη-

275 1506 331 1570 recl
353 1507 507 1586 άκρατίας
527 1508 592 1568 τῶν
613 1504 758 1586 πράξεων
779 1505 994 1585 άσυμμετρίας
1014 1504 1117 1567 τεκαὶ
1136 1505 1298 1587 αἰσχρότη-

280 1627 335 1679 τος
353 1600 519 1686 γέμουσαν
545 1602 604 1686 την
627 1603 734 1686 ψυχὴν
755 1597 847 1666 εἶδεν.
878 1601 956 1665 ἰδὼν
984 1599 1017 1665 δὲ
1039 1603 1157 1684 άτίμως
1177 1604 1298 1687 ταύτην

279 1698 467 1783 ἀπέπεμψεν
495 1702 577 1764 εὐθὺ
604 1710 660 1783 τῆς
680 1711 847 1782 φρουράς,
876 1693 909 1764 οἷ
934 1696 1038 1781 μέλλει
1059 1701 1201 1765 ἐλθοῦσα
1222 1703 1297 1766 oiva-

277 1805 395 1884 τλῆναι
423 1799 462 1863 τὰ
488 1801 692 1882 αροςήκοντα
728 1801 829 1882 πάθη.
884 1798 964 1887 Gap.
987 1801 1148 1867 LXXXI.
1195 1805 1297 1883 Προς-

335 1983 438 2036 Ρ.525.
473 1981 489 2034 ἃ
514 1982 633 2048 ἑκάστη
662 1981 678 2049 ἡ
709 1986 827 2048 κρᾶξιε
856 1981 973 2050 αὐτοῦ]
1009 1983 1105 2052 ἑκάστη
1129 1987 1215 2038 Clark.
1239 1989 1297 2038 var.

283 2053 363 2104 Vind.
382 2052 404 2103 1.
421 2051 444 2104 6.
462 2055 520 2106 Par.
538 2053 691 2103 BCEFW.
709 2069 801 2103 novem
819 2054 964 2103 Florentini
982 2062 1008 2103 et
1025 2055 1081 2104 cod.
1094 2056 1201 2105 Eusebii
1212 2056 1296 2106 Onon.

280 2139 329 2188 pro
354 2121 423 2187 vulg.
445 2117 554 2184 rindorp.
590 2121 714 2171 Codicum
737 2122 889 2186 scripturam
912 2119 1007 2187 ἑκάστη
1031 2138 1120 2171 veram
1138 2139 1208 2184 esse,
1233 2125 1298 2172 Her·

280 2206 378 2240 manno
400 2196 534 2252 monente,
564 2206 597 2239 ex
622 2205 652 2239 eo
675 2190 844 2254 intelligitur,
867 2190 936 2254 quod
960 2190 991 2238 de
1014 2190 1125 2256 singulis
1149 2191 1298 2242 hominibus

282 2259 379 2309 dietum
397 2265 438 2308 est
453 2258 505 2307 iam
523 2263 611 2318 antea,
630 2264 707 2321 atque
724 2259 809 2322 imago
827 2259 865 2307 rei
882 2257 963 2307 multo
980 2257 1106 2307 illustrior
1123 2258 1165 2321 fit,
1182 2261 1229 2308 ubi
1246 2261 1299 2308 sin-

283 2327 401 2393 gulorum
420 2325 565 2376 facinorum
583 2327 657 2390 quasi
676 2327 808 2375 cicatrices
832 2326 859 2374 in
877 2328 963 2377 animo
986 2328 1058 2376 cerni
1074 2327 1203 2380 dicuntur.
1238 2327 1297 2377 Fal-

282 2411 395 2445 sussum
407 2394 469 2444 olim
482 2410 521 2456 eo,
539 2393 607 2458 qnod
620 2390 722 2458 ἑκάστη,
740 2393 863 2455 dativum,
881 2400 1031 2459 putaveram
1049 2395 1169 2445 inlibris
1187 2404 1296 2445 exstare.

280 2464 351 2513 Dein
362 2468 432 2511 'vett
450 2462 520 2511 editt.
540 2458 698 2526 τετράφθαι,
722 2463 790 2526 quod
812 2479 845 2512 ex
864 2462 951 2512 Clark.
969 2463 1027 2513 Vat.
1044 2464 1110 2512 Ven.
1129 2462 1158 2514 Ξ.
1177 2464 1255 2513 Vind.
1272 2463 1297 2514 2.

280 2530 305 2582 6.
329 2533 387 2580 Par.
411 2530 467 2580 BC.
491 2537 626 2582 mutatum.
670 2531 809 2580 Enimvero
834 2528 979 2594 τετράφθαι
1005 2530 1039 2580 ad
1060 2531 1168 2581 verbum
1193 2531 1298 2594 τρέπειν

279 2598 459 2660 referendum,
482 2595 638 2663 τεθράφθαι
659 2604 744 2648 autem
769 2616 784 2649 ο
802 2596 910 2662 τρέφειν
927 2599 1033 2648 ductum
1051 2607 1098 2649 est.
1134 2600 1297 2664 Quamquam

279 2669 332 2718 hac
349 2668 379 2717 in
396 2683 423 2717 re
441 2666 524 2729 codd,
541 2671 570 2716 ut
586 2666 624 2726 fit,
641 2665 750 2716 multum
768 2668 933 2717 fluctuantur.
951 2683 976 2716 v.
994 2667 1027 2717 ad
1038 2668 1125 2732 Remp.
1138 2669 1186 2717 111.
1203 2684 1228 2733 p.
1239 2666 1297 2718 405.

280 2738 313 2786 A.
331 2733 391 2786 409.
409 2736 440 2785 A.
463 2735 571 2784 Theaet.
589 2732 644 2785 172.
668 2736 701 2784 D.
726 2736 794 2785 conl.
818 2737 968 2786 Buttmann.
992 2737 1036 2786 Gr.
1060 2737 1082 2798 ἕ.
1106 2734 1164 2787 114.
1187 2737 1215 2785 in
1240 2753 1296 2786 voc.

279 2802 374 2869 τρέφω
391 2808 418 2853 et
433 2802 547 2852 Lobcclr.
565 2803 677 2868 Paralip.
699 2819 724 2867 p.
741 2801 782 2854 46.

334 2871 389 2920 καὶ
408 2868 581 2936 inpurior]
601 2871 645 2920 Sic
657 2869 745 2920 Clark.
758 2873 817 2921 Vat.
829 2872 896 2920 Ven.
915 2871 946 2921 Σ.
970 2870 1048 2920 Vind.
1066 2869 1090 2921 2.
1108 2871 1132 2922 6.
1151 2869 1175 2922 7.
1196 2874 1256 2922 Par.
1268 2873 1297 2922 B.

279 2939 354 2990 Flor.
377 2955 401 2989 a.
423 2956 449 2989 x.
471 2939 545 2990 Bodl.
568 2940 635 3004 Aug.
653 2940 759 2989 Meerm.
781 2955 828 3005 pro
846 2940 916 3005 vulg.
940 2935 1076 3023 άμρασιάε.
1097 2941 1193 2990 Euscb.
1216 2935 1297 3004 άκρα-

282 3091 592 3155 aliquooccupatus
608 3093 681 3141 fnit.
698 3092 764 3141 Nam
815 3092 894 3142 trices
925 3109 955 3142 ac
978 3093 1077 3143 vibices
1106 3094 1256 3158 concipere,
1282 3109 1298 3144 a

280 3156 311 3209 τά
336 3155 475 3224 παθήματα
498 3157 514 3209 ἃ
539 3155 581 3209 διὰ
611 3156 655 3224 τὴν
680 3157 765 3225 ἐτιτή-
816 3161 934 3224 plurimis
952 3163 1099 3224 posterioris
1118 3164 1175 3211 aevi
1192 3164 1297 3227 scripto·

284 3225 378 3276 δευσιν
395 3227 468 3291 ἔσχεν
485 3222 499 3275 ὁ
518 3222 663 3290 άνθρωττοιΊ
688 3244 765 3292 oppo-
816 3228 888 3277 ribus
911 3245 968 3278 essc
991 3229 1153 3281 celebratam.
1190 3229 1229 3279 cf.
1253 3231 1296 3280 la-

285 3299 384 3343 nuntur
400 3301 451 3348 τοῖε
469 3301 513 3361 τῆς
532 3293 646 3358 φάσεως.
816 3297 902 3344 eobs.
925 3297 957 3346 ad
981 3297 1121 3362 Antholog.
1146 3297 1199 3359 Vl,
1224 3297 1246 3347 1.
1271 3315 1296 3363 p.

317 3362 350 3410 E:
383 3359 537 3415 ἐκείνους
573 3360 762 3428 ἐπιστήσας]
817 3360 857 3413 70.
876 3364 923 3421 ΙΙΙ,
942 3363 964 3412 l.
981 3381 1006 3428 p.
1025 3362 1082 3414 144.

285 3428 544 3496 Videlpropese.
849 3432 879 3480 P.
909 3429 967 3481 525.
1002 3426 1234 3493 ἀσυμμετρίας
1264 3448 1296 3480 τε

317 3497 478 3548 κατεῖδεν
523 3495 624 3548 οὐδὲν
664 3494 763 3563 ὑγιὲς]
816 3497 870 3547 καὶ
905 3497 1022 3564 αἰσχρ]
1074 3498 1296 3560 Quemadmodum

281 3566 403 3617 Aoristus
426 3567 554 3631 quomodo
580 3566 765 3632 intelligendus
816 3567 884 3616 enim
901 3569 999 3629 virtus,
1020 3583 1087 3631 quae
1104 3567 1178 3630 qnasi
1196 3569 1295 3616 musico

281 3635 323 3696 sit,
342 3633 472 3685 docebunt
488 3637 604 3685 Buttm.
624 3638 645 3696 ξ.
666 3634 723 3684 124.
741 3634 764 3685 6.
816 3635 926 3698 quodam
945 3642 1072 3685 concentu
1089 3635 1243 3695 continetur,
1261 3636 1296 3685 ef·

281 3708 371 3752 annot.
399 3701 424 3754 4.
452 3703 570 3753 Matth.
600 3705 623 3764 ᾖ.
655 3701 712 3753 503.
740 3699 765 3752 3.
815 3702 876 3764 ficit,
895 3710 924 3753 ut
941 3705 1022 3753 animi
1036 3705 1105 3753 vires
1123 3719 1212 3752 omnes
1229 3705 1296 3753 inter

279 3770 367 3820 Rost.
391 3772 414 3831 §-
434 3769 490 3822 116.
508 3769 531 3821 8.
556 3777 643 3820 annot.
661 3769 684 3821 4.
703 3770 764 3823 coll.
816 3787 843 3820 se
861 3773 1033 3833 concordent,
1058 3773 1095 3822 ita
1112 3772 1177 3821 vitia
1194 3772 1218 3821 ei
1235 3772 1296 3821 affc-

280 3844 369 3887 aunot
401 3838 434 3887 ad
458 3838 588 3891 Phaedon.
620 3855 645 3903 p.
669 3836 707 3889 73.
731 3840 765 3888 D.
816 3846 877 3888 runt
892 3841 1085 3905 turpitudinem,
1103 3841 1294 3904 quoniameum

279 3906 379 3956 Eodem
402 3907 478 3956 modo
502 3908 680 3972 accipiendum
705 3923 765 3956 mox
817 3924 833 3956 a
850 3909 912 3957 boni
929 3915 955 3958 et
971 3911 1072 3958 honesti
1095 3908 1179 3957 studio
1198 3909 1295 3958 abstra-

280 3969 324 4040 τῆν
342 3973 432 4042 ψυχὴν
448 3969 523 4025 εἶδεν
546 3984 572 4025 et
590 3972 686 4040 ταύτην
702 3972 764 4024 άπὲ-
817 3975 891 4026 hunt.
918 3993 944 4026 v.
973 3978 1005 4026 ad
1034 3976 1164 4026 Phaedon.
1199 3993 1224 4040 p.
1254 3974 1295 4026 34.

279 4052 392 4104 κεμφεν.
818 4044 919 4108 Quippe
935 4046 1019 4108 pulcri
1036 4052 1113 4109 atque
1130 4043 1192 4092 boni
1208 4061 1240 4094 ea
1258 4051 1297 4094 est

303 4104 384 4160 ἀλλὰ
403 4108 764 4177 διαμεμαστιγωμὲνην]
816 4112 990 4175 necessitudo,
1009 4119 1039 4162 ut
1056 4114 1165 4162 alterum
1183 4114 1215 4162 ab
1234 4113 1296 4161 alte-

278 4178 379 4228 Doouit
396 4178 631 4243 Wyttenbach.
656 4179 688 4227 ad
704 4178 765 4227 Plu·
816 4196 844 4228 ro
874 4180 964 4229 divelli
991 4187 1036 4229 aut
1063 4181 1192 4245 segregari
1221 4181 1294 4229 nullo

279 4247 363 4296 tarch.
387 4248 428 4297 Dc
447 4247 473 4299 S.
492 4248 524 4298 N.
541 4249 573 4296 V.
593 4263 617 4310 p.
638 4244 688 4296 110
711 4262 763 4310 seq.
815 4249 890 4297 modo
908 4249 997 4313 possit.
1014 4249 1166 4313 v.Prolegg.
1185 4247 1218 4296 ad
1235 4249 1295 4297 Phi-

279 4314 347 4364 hsnc
370 4314 490 4365 Platonis
517 4316 689 4376 sententiam,
712 4331 764 4378 qua
815 4316 865 4365 lob.
883 4332 907 4380 p.
925 4316 993 4366 XCI.
1011 4332 1064 4380 seq.
1083 4345 1115 4354 —
1137 4312 1223 4365 εδθδ
1243 4322 1295 4383 τῆς

279 4384 412 4434 statuebat
429 4384 547 4444 μυθικῶς
565 4384 679 4434 animam
698 4384 764 4434 oica·
816 4389 989 4448 φρουρᾶς,
1017 4389 1107 4435 recta
1132 4385 1164 4434 in
1188 4391 1295 4436 custo·

327 4485 384 4526 Pur
398 4485 454 4536 Opp.
467 4486 556 4529 veru.
570 4484 627 4526 Soet.
639 4486 658 4525 1.
957 4504 962 4529 ι
1058 4483 1092 4538 22
