3242 5259
433 601 616 661 GORGIAS.
638 603 671 660 P.
696 606 765 660 506.
789 603 859 661 507.
882 605 927 662 ed.
951 605 993 663 St.
1169 606 1228 665 277

213 766 280 826 τών
313 766 435 839 όντων;
462 757 601 845 Ἔμοιγε
635 764 731 828 δοκεῖ.
782 763 846 827 Καὶ
884 763 971 847 ψυχὴ
1006 770 1069 847 ἀρα
1107 768 1230 849 κόσμον

213 859 332 944 ἔχουσα
360 859 418 924 τὸν
447 859 563 944 ἑαυτῆς
592 855 733 943 ἀμείνων
761 871 816 944 τῆς
844 856 1048 945 ἀκοσμήτους
1073 858 1229 946 Ἀνάγκη.

208 957 312 1022 Ἀλλὰ
342 957 407 1040 μὴν
433 957 454 1040 ἥ
481 980 516 1039 γε
544 961 666 1040 κόσμον
694 956 811 1042 ἔχουσα
841 961 975 1041 κουρίας
1007 964 1084 1036 fleg
1104 961 1166 1041 γὰρ
1188 963 1229 1024 οὐ

211 1055 336 1139 μέλλεις
359 1049 405 1119 Ἡ
427 1055 461 1118 δέ
490 1078 524 1138 γε
552 1059 669 1140 κοσμία
698 1051 859 1137 σώφρων,Ι
889 1055 999 1140 Πολλὴ
1020 1059 1153 1140 ἀνάγκη.
1189 1051 1234 1121 Ἡ
1252 1065 1312 1128 507

211 1160 277 1237 ἀρα
306 1156 448 1235 σώφρων
476 1152 563 1237 ψυχὴ
593 1156 711 1237 ἀγαθή.
757 1149 847 1235 Ἐγὼ
878 1155 937 1232 μὲν
966 1156 1026 1218 οὐκ
1055 1153 1115 1238 ἔχω
1142 1156 1229 1237 παρὰ

210 1263 314 1316 ταῦτα
340 1256 421 1316 ἀλλα
448 1256 567 1333 φάναι,
598 1246 623 1316 ώ
652 1255 724 1332 φίλε
747 1253 953 1328 Καλλίκλεις·
983 1252 1024 1315 σὺ
1045 1247 1073 1317 δ’
1094 1255 1121 1316 εἰ
1141 1250 1229 1336 ἔχεις,

209 1351 351 1414 δίδασκε.
393 1353 495 1413 ΚΑΛ.
525 1342 609 1432 Λέγ’,
633 1342 658 1414 ὦ
680 1349 778 1432 'potiti
821 1354 895 1413 Σόλ.
924 1349 1017 1432 Λέγω
1037 1350 1087 1433 δὴ,
1118 1350 1174 1428 ὅτι,
1203 1352 1230 1413 εἰ

209 1449 232 1531 ἡ
261 1449 403 1527 σώφρων
430 1448 539 1530 ἀγαθή
561 1445 665 1522 ἐστιν,
694 1449 930 1531 ἡτούναντίον
950 1460 988 1532 τη
1010 1444 1158 1531 σώφρονι
1178 1456 1229 1512 πεῖ

208 1550 361 1610 πονδυῖα
374 1548 457 1627 κακή
474 1543 568 1608 ἐστιν.
589 1539 630 1626 ἦν
648 1545 681 1609 δὲ
704 1544 783 1626 αὕτη
804 1547 826 1628 ἡ
846 1551 963 1627 ἄφρων
982 1569 1016 1611 τε
1037 1546 1089 1611 καὶ
1111 1548 1229 1611 ἀκόλα-

210 1660 304 1720 στος;
329 1644 427 1707 Πάνυ
448 1664 491 1724 γε.
535 1644 601 1706 Καὶ
622 1641 688 1726 μὴν
709 1643 726 1706 ὅ
747 1664 783 1724 γε
805 1645 947 1726 σώφρων
967 1645 1006 1708 τὰ
1027 1649 1231 1728 προςηκοντα

209 1744 347 1824 πράττοι
377 1740 418 1804 ἀν
445 1740 497 1804 καὶ
528 1739 600 1819 περὶ
629 1740 727 1816 θεοὺς
754 1741 808 1804 καὶ
837 1741 908 1822 περὶ
936 1743 1150 1822 ἀνδρώπους;
1191 1744 1231 1805 οὐ

210 1841 277 1922 γὰρ
298 1839 340 1902 ἂν
361 1844 530 1920 σωφρονοῖ
548 1838 587 1903 τὰ
607 1839 651 1921 μη
672 1841 875 1921 προςηκοντα
895 1840 1062 1920 πράττων,·
1085 1834 1230 1922 Ἀνάγκη

208 1932 303 2003 ταῦτ’
335 1930 418 2001 εἶναι
447 1935 542 2000 οὕτω.
593 1936 658 2000 Καὶ
687 1937 752 2019 μην
780 1933 852 2014 περὶ
879 1935 938 2017 μὲν
966 1938 1164 2018 ἀνθρώπους
1192 1939 1231 2001 τά

209 2037 416 2117 προςήκοντα
446 2034 594 2113 πράττων
625 2034 718 2098 δίκαι’
740 2032 781 2096 ἀν
801 2034 955 2113 πράττοι,
985 2035 1057 2116 περὶ
1077 2034 1111 2099 δὲ
1132 2030 1281 2109 θεοὺςΒ

211 2133 304 2197 ὅσια·
336 2135 393 2195 τόν
421 2131 456 2194 δὲ
482 2130 521 2195 τὰ
541 2130 649 2201 diuam
670 2129 723 2195 καὶ
744 2129 823 2195 ὅσια
837 2133 1019 2210 πράττοντα
1040 2134 1164 2215 ἀνάγκη
1186 2133 1230 2195 δί-

209 2254 307 2295 καιον
332 2229 385 2294 καὶ
419 2223 511 2293 ὅσιον
537 2222 637 2301 τόνοις
659 2221 757 2291 ’Ἐστι
788 2235 898 2291 ταῦτα.
943 2230 1009 2292 Καὶ
1036 2228 1154 2312 μὲνδὴ
1176 2231 1229 2294 καὶ

209 2330 363 2411 ἀνδρεῖόν
383 2349 419 2409 γε
440 2327 582 2410 ἀνάγκη;
605 2325 728 2408 οὐγὰρ
749 2323 788 2408 δὴ
810 2327 982 2407 σώφρονος
1002 2328 1122 2409 ἀνδρός
1145 2327 1231 2392 ἐστιν

211 2432 287 2491 οὔτε
319 2426 446 2488 διώκειν
473 2428 546 2487 οὔτε
577 2425 710 2506 φεύγειν
738 2427 758 2485 ά
788 2422 832 2508 μὴ
854 2425 1022 2506 προςήκει,
1053 2427 1120 2489 ἀλλ’
1142 2430 1162 2487 e
1183 2427 1232 2488 δεῖ

210 2523 266 2590 καὶ
302 2524 473 2605 πράγματα
509 2520 561 2586 καὶ
590 2515 789 2603 ἀνθρώπους
817 2520 870 2585 καὶ
897 2522 1018 2603 ἡδονὰς
1045 2521 1098 2585 καὶ
1126 2524 1229 2596 λύπας

262 2726 294 2774 Ρ.
313 2722 370 2775 507.
406 2721 492 2787 παρὰ
510 2721 607 2772 ταῦτα
625 2718 712 2788 ἀλλα]
732 2724 791 2785 περ)
811 2722 851 2772 ed.
868 2724 928 2776 Bes.
946 2721 970 2772 2.

264 2822 389 2890 ἄφρων
412 2842 443 2874 τε
466 2823 517 2873 καὶ
543 2820 735 2889 ἀκόλαστος]
762 2824 793 2872 V.
813 2824 855 2872 καὶ
876 2820 963 2888 ἠόα,
988 2822 1058 2888 quod
1082 2824 1154 2874 solus
1177 2826 1231 2874 fero

211 2896 273 2944 Par.
291 2895 322 2943 Ε.
340 2897 417 2945 tenet,
448 2893 517 2941 Dein
527 2890 608 2963 yind.
625 2891 649 2941 6.
672 2891 742 2942 Flor.
756 2908 782 2939 x.
803 2896 965 2957 οωφρονοιή.
992 2892 1043 2944 Sed
1061 2908 1108 2942 nec
1125 2893 1231 2943 alteram

210 2964 323 3012 formam
346 2960 439 3009 Atticis
462 2960 650 3023 infrequentem
675 2975 731 3009 esee
754 2965 861 3012 constet.
885 2975 910 3008 v.
933 2961 1003 3010 infre
1025 2977 1050 3026 p.
1067 2958 1126 3012 510.
1151 2961 1179 3011 C.
1197 2962 1230 3010 D.

211 3028 269 3082 520.
283 3031 314 3078 Ε.
338 3029 377 3077 De
389 3030 452 3092 Rep.
469 3025 527 3078 557.
542 3028 574 3076 D.
599 3028 665 3077 conf.
687 3027 811 3077 Valcken.
834 3027 867 3077 ed
884 3027 1020 3094 Hippolyt.
1038 3045 1062 3094 p.
1080 3027 1138 3080 220.
1157 3037 1182 3079 et
1199 3029 1230 3078 de

209 3098 322 3148 Platone
340 3095 488 3145 Schneider.
505 3094 537 3144 od
555 3096 644 3159 Remp.
663 3096 694 3144 T.
712 3095 732 3144 Ι.
749 3111 775 3159 p.
793 3092 835 3144 77.

261 3200 291 3247 B.
326 3193 390 3246 ἀλλ’
409 3194 425 3245 ά
445 3194 511 3260 δεῖ]
531 3194 605 3245 Libri
622 3191 685 3245 ἀλλὰ
704 3193 751 3255 δεῖ,
770 3196 840 3261 quod
857 3197 1006 3246 emendavit
1022 3195 1158 3246 Heindorf.

207 3383 291 3434 sohel.
310 3381 454 3439 ἐντεῦθεν,
477 3381 576 3445 inquit,
600 3377 614 3430 δ
635 3380 693 3431 Σω·
745 3381 940 3442 defensionem,
965 3380 1032 3444 quod
1057 3376 1136 3446 ἀρετή
1154 3380 1229 3431 modo

208 3449 312 3568 npp'pps„
325 3446 603 3583 fffv²9⁵ss⁷³⁰ffttjv⁶¹0p
745 3449 887 3566 leptissimob
907 3464 985 3564 senstu
1006 3447 1165 3565 ι(ἒίοὲοωροι,
1201 3455 1230 3497 ut

271 3536 355 3568 ,ου
385 3536 424 3567 τω
456 3535 506 3566 εκ
557 3535 579 3566 κ.
631 3533 693 3567 non
745 3532 959 3567 eremreuesr
989 3532 1085 3565 ertu

207 3587 358 3638 fortuito
394 3569 490 3650 etque
512 3538 615 3646 ῃοαςυ,
650 3586 693 3634 oui
778 3586 808 3634 P.
827 3582 885 3635 507.
921 3579 1008 3646 need
1031 3588 1127 3633 ταῦτα
1152 3576 1230 3632 ἀλλά

207 3654 350 3739 opponitur
374 3653 465 3704 deinde
489 3650 558 3716 τάξαι
580 3652 622 3702 καλ
646 3648 692 3714 όρ·
747 3649 869 3717 φάναι]
904 3651 1036 3711 Phaedon.
1059 3668 1085 3716 p.
1109 3648 1167 3702 107.
1190 3652 1227 3700 A:

207 3726 300 3787 θοτητι
318 3722 360 3771 καὶ
379 3720 459 3789 τέχνη.
476 3721 545 3770 Phil.
563 3736 587 3784 p.
599 3718 693 3771 28.D:
745 3715 845 3769 οὔκουν
862 3747 895 3756 -
918 3719 965 3784 ἔχω
984 3714 1056 3781 παρὰ
1073 3724 1150 3768 ταῦτα
1167 3715 1227 3767 ἄλλο

208 3788 255 3856 τὴν
279 3794 326 3838 τοῦ
347 3785 444 3856 ἀλόγου
468 3788 509 3839 καὶ
533 3787 593 3852 οἰκῇ
615 3785 693 3837 dove·
746 3805 767 3836 τι
783 3786 875 3852 λέγειν,
892 3788 940 3836 ubi
956 3804 980 3836 v.
996 3793 1085 3837 annot.

208 3876 261 3919 μιν.
292 3857 360 3907 Tim.
381 3873 406 3922 p.
423 3854 465 3907 34.
484 3855 519 3906 C:
545 3853 692 3920 μετέχοντες
777 3857 807 3904 Β.
843 3851 907 3904 ἀλλ’
931 3850 947 3904 ἀ
971 3854 1094 3906 δεῖκαὶ
1114 3853 1229 3920 πρ.-]

209 3931 255 3976 τοῦ
280 3922 470 3988 προστυχόντος
494 3926 536 3973 καὶ
561 3923 626 3988 εἰκῇ.
662 3924 692 3971 ln
744 3923 832 3984 „Inter
854 3922 921 3973 alias
938 3925 1123 3988 temperantiae
1141 3921 1231 3971 defini-

207 3993 321 4058 Sophist.
340 4008 364 4056 p.
382 3991 441 4043 225.
458 3993 489 4042 Β.
512 3990 692 4042 scribendum:
744 3991 829 4041 tiones
863 3991 986 4042 tribuitur
1018 3991 1081 4040 haee
1111 3990 1229 4040 Platoni:

207 4061 266 4143 einp
292 4058 322 4109 δὲ
344 4060 385 4109 καὶ
410 4055 520 4123 ἀτέχνως
544 4061 605 4124 περὶ
630 4055 692 4107 αότδ
744 4058 811 4121 ἕξις,
839 4054 900 4107 καθ’
924 4055 958 4122 ἣν
982 4054 997 4108 ό
1016 4059 1082 4121 ἔχων
1099 4058 1229 4121 αἱρετικός

208 4145 353 4193 πρατττται.
387 4128 495 4192 Legitur
518 4129 588 4177 enim
614 4127 692 4191 vulgo
745 4124 797 4175 ἐστι
827 4127 870 4175 καὶ
901 4122 1069 4190 ςόλοβηιικός
1100 4118 1140 4175 ών
1172 4124 1228 4190 χρή,

206 4211 343 4262 perperam
361 4191 482 4258 ἀτεχνῶς.
506 4194 693 4246 CeterumCo-
744 4193 1012 4257 Aristotelesque
1039 4195 1066 4242 in
1095 4193 1151 4258 ipso
1177 4193 1229 4243 fine

207 4280 281 4315 raes
310 4264 470 4328 suffragante
496 4263 693 4327 Hirsehigio
743 4261 802 4310 libr.
812 4262 859 4311 111.
868 4261 927 4310 Eth.
940 4262 1040 4313 Nicom.
1049 4262 1114 4310 heeo
1124 4259 1228 4312 scribit:

206 4329 327 4382 κάλλιστα
372 4330 559 4381 eliminandum
598 4336 694 4392 censet,
745 4327 874 4389 ἐπιθυμεῖ
895 4325 908 4379 ό
931 4328 1049 4391 σώφρων
1068 4321 1110 4378 άν
1128 4328 1228 4379 δεῖκαὶ

206 4399 278 4467 quod
289 4408 377 4449 temen
388 4415 421 4448 ex
435 4414 465 4449 eo
483 4404 599 4464 paratam
616 4399 694 4449 hebet
745 4392 780 4448 τός
799 4395 844 4446 δεῖ
858 4397 900 4446 καλ
919 4394 984 4448 ότε.”
1002 4396 1137 4448 ROUTH.
