3242 5259
491 593 888 656 concussurum.
911 593 955 654 ss.
1165 577 1223 654 m?
1265 561 1267 564 ’

205 760 383 842 ύμφιγνοώ
403 757 530 841 μέντοι,
554 750 579 822 ὦ
602 761 713 838 nese,
735 751 781 839 ἐφ’
805 755 941 820 ἕκαστον
962 744 1009 819 ὧν
1028 752 1144 839 λέγοις,
1165 759 1224 822 τό·

205 880 302 939 τερον
336 856 435 932 αύτός
468 865 569 920 ταῦτα
602 856 701 940 λέγεις
734 855 787 920 καὶ
822 856 954 937 γνώμην
983 865 1106 919 σαυτοῦ
1143 854 1224 921 cirro-

208 956 339 1038 φαίνει,
371 953 465 1038 prpe
493 953 619 1037 ἐρατοῖς.
662 957 771 1018 ΠΩΛ.
801 946 886 1016 Ἀλλ’
916 951 1014 1036 ἔγωγέ
1043 967 1078 1016 σε
1105 951 1222 1033 ἐρωτώ.

208 1057 289 1119 Est.
312 1047 404 1132 Εἶεν,
428 1046 454 1117 ώ
474 1055 563 1136 φίλε·
594 1053 700 1118 ἔπειτα
718 1054 778 1117 δύο
800 1050 866 1134 ἅμα
886 1073 923 1132 με
945 1050 1079 1132 docetes
1110 1055 1221 1116 HseA.

209 1158 288 1228 Πῶς
308 1153 387 1229 δύος
417 1154 495 1216 ΣΩ.
521 1145 590 1216 Ούκ
619 1156 690 1233 ἄρτι
720 1149 805 1215 οὕτω
826 1172 893 1225 πώς
923 1146 1041 1229 ἔλεγες,
1073 1148 1122 1214 ὅτι
1142 1152 1221 1215 duo·
1243 1156 1276 1219 D

209 1251 400 1316 κτινυύασιυ
427 1251 460 1314 οἱ
479 1249 610 1334 ῥήτορες
631 1244 689 1324 cde
710 1249 750 1312 ἂν
772 1249 967 1329 βούλωνται.
998 1246 1100 1331 ώςτερ
1121 1249 1154 1314 oi
1172 1251 1224 1313 τύ-

211 1373 349 1432 ραννοι,
377 1347 430 1412 καὶ
459 1351 601 1432 χρήματα
629 1349 844 1428 ἀφαιροῦνται
869 1344 926 1409 καὶ
944 1343 1168 1423 ἐξελαύνουσιν
1189 1347 1223 1413 ἐκ

209 1459 277 1512 τῶν
295 1447 422 1512 ’πόλεών
445 1444 485 1511 ὃν
507 1447 549 1512 dtu
568 1448 648 1530 δοκῇ
670 1447 795 1523 αύτοῖς;
822 1446 932 1508 flur.
945 1439 1076 1527 Ἔγωγε.
1240 1531 1242 1534 ¹

276 1548 358 1637 Cap.
380 1547 496 1613 XXII.
539 1547 616 1608 ΣΩ.
659 1544 752 1625 Λέγω
772 1546 887 1608 τοίνυν
907 1559 968 1622 σοι,
989 1543 1038 1608 ὅτι
1058 1544 1118 1608 δύο
1138 1535 1237 1608 ταῦτ’

210 1647 276 1714 ἐστὶ
290 1647 331 1712 τὰ
346 1647 540 1730 ἐρωτήματα,
561 1646 615 1710 καὶ
635 1645 871 1728 ἀποκρινοῦμαί
891 1642 926 1728 γε’
947 1659 998 1710 σοι
1018 1648 1099 1727 πρὸς
1119 1646 1224 1728 ἀμφό-

210 1769 295 1829 τερα.
326 1743 409 1828 φημὶ
435 1747 515 1827 γάρ,
545 1736 706 1820 dueta,
737 1741 799 1825 ἐγὼ
828 1744 882 1808 καὶ
909 1744 985 1819 τοὺς
1015 1744 1153 1827 ῥήτορας
1172 1746 1225 1809 καὶ

211 1840 289 1919 τοὺς
315 1845 497 1927 τυράννους
527 1843 687 1907 δύνασθαι
714 1844 774 1925 μὲν
803 1840 838 1907 ἐν
864 1848 933 1918 ταῖς
961 1843 1071 1907 πόλεσι
1098 1844 1224 1927 σμικρό-

799 2051 805 2068 Ι

260 2051 645 2120 Ἂλλὰμὲνδὴλέγοιγε]
681 2052 831 2115 Libripv.
870 2054 906 2104 At
927 2052 980 2135 “d''
998 2051 1031 2120 δή
1054 2071 1106 2105 non
1130 2055 1226 2107 dicitur

212 2138 363 2189 semperque
378 2123 466 2173 locum
490 2121 569 2173 habet
590 2126 753 2172 attenuatum
776 2073 843 2172 idun
860 2121 909 2183 μὲν
927 2121 967 2188 δη.
1003 2122 1121 2174 Correxit
1143 2125 1223 2173 Hein-

212 2193 274 2243 dorf.
309 2193 360 2242 Pro
380 2189 412 2258 δὴ
429 2208 489 2241 vero
508 2191 578 2240 editt.
596 2195 656 2240 vett.
675 2190 845 2240 mendose'di
861 2189 966 2240 hebent.

262 2261 292 2311 C.
311 2255 571 2323 ἀποκτιννύασι]
608 2258 651 2309 Sic
676 2258 754 2310 Goisl.
778 2259 845 2309 Ven.
869 2258 929 2309 ΞΣ.
953 2258 1029 2308 Vind
1054 2256 1078 2309 2.
1101 2257 1125 2310 6.
1165 2259 1222 2309 Par.

214 2327 461 2380 01W.F10r.f.s.
497 2327 582 2393 Vulgo
599 2322 809 2377 ἀποκτιννύουσι.
846 2326 933 2376 Clark.
958 2327 1017 2376 Vct.
1036 2327 1092 2376 Pur.
1109 2327 1138 2376 F.
1158 2323 1223 2376 ἆπο-

213 2394 385 2447 κτειννύασιν.
403 2396 469 2445 conf.
488 2396 621 2446 Matthiae.
640 2395 684 2446 Gr.
702 2397 727 2457 ἓ.
736 2392 794 2446 210.
812 2393 839 2445 2.
855 2395 899 2445 sic
917 2395 995 2446 etiam
1012 2411 1072 2444 mox
1090 2396 1123 2444 D.

262 2467 295 2515 D.
315 2462 361 2514 ὅτι
383 2460 657 2530 ἀποκτιννύασιν]
692 2464 742 2514 Pro
766 2460 804 2513 ὅτι
828 2464 915 2513 Herm.
939 2461 966 2512 el
988 2458 1044 2526 ούχὶ
1069 2480 1083 2513 ο
1106 2463 1224 2529 vestigiis

214 2533 281 2584 Flor.
305 2550 333 2582 x.
355 2536 382 2582 et
404 2531 505 2597 Clark„
540 2532 586 2598 qui
613 2530 640 2581 εἰ
665 2528 703 2582 ὅτι
729 2530 835 2582 hubent.
858 2532 940 2582 Unice
970 2546 1060 2581 verum
1087 2538 1127 2581 est
1154 2531 1223 2596 quod

214 2601 292 2668 vulgo
310 2600 402 2652 editur.

214 2812 237 2846 v.
259 2797 447 2845 Buttmann.
471 2794 495 2856 ξ.
513 2791 570 2844 122.
587 2793 611 2844 8.
630 2791 693 2844 Obs.
744 2793 774 2843 de
793 2808 846 2842 une
863 2797 964 2844 tontum
987 2810 1015 2844 re
1032 2811 1048 2845 a
1064 2794 1129 2844 Polo
1147 2796 1224 2845 inter-

214 2864 236 2915 6.
260 2865 371 2914 Prorsus
394 2861 483 2912 eodem
496 2861 572 2912 modo
589 2862 699 2912 Xeno·>
743 2867 861 2928 rogatum
880 2863 921 2913 iri.
937 2862 1048 2914 Dixerot
1063 2864 1131 2913 enim
1143 2862 1223 2914 Polus

214 2932 325 2996 phont.
347 2933 427 2981 Mem.
443 2930 489 2993 IV,
506 2928 534 2994 7,
553 2929 583 2979 1:
606 2925 693 2982 intes
743 2929 858 2980 rhetores
879 2936 905 2980 et
927 2930 1070 2982 interficere
1092 2947 1168 2998 posse
1186 2928 1223 2982 ὃν
1263 2965 1266 2969 -

214 2998 259 3064 τὴν
282 2999 381 3050 ἑαυτοῦ
402 2994 506 3064 γνώμην
533 2993 694 3062 ἀνεφαίνετο
744 2993 784 3046 ἂν
801 2995 990 3062 βούλωνται
1008 3005 1033 3050 ct
1052 3000 1153 3066 privare
1171 3002 1223 3064 opi-

216 3064 366 3133 Σωκρύτης.
394 3066 487 3132 Cyrop.
511 3066 587 3129 VIII,
610 3063 639 3128 4,
662 3063 693 3116 6:
745 3065 792 3115 bus
811 3073 889 3130 etque
913 3083 945 3116 ex
965 3069 1051 3132 petris
1075 3069 1167 3120 eiicere
1185 3067 1223 3118 ὃν

214 3133 258 3202 τὴν
275 3135 373 3186 ἑαυτοῦ
395 3132 502 3201 γνώμην
525 3129 693 3197 ἀπεφαίνετο.
745 3128 785 3182 ἄν
803 3131 882 3200 δοκῇ
900 3130 1019 3188 adroic.
1042 3137 1132 3201 Itaque
1149 3137 1244 3187 docet.

214 3206 275 3254 Post
299 3201 332 3270 νὴ
350 3199 398 3252 τὸν
414 3200 480 3252 κύνα
502 3201 581 3269 vulgo
607 3201 695 3251 deerat
745 3202 864 3252 Socrates
881 3201 1002 3268 deinceps
1019 3205 1224 3269 sophistesillnd

215 3271 424 3338 interpunctio„
448 3286 526 3335 quam
569 3272 694 3320 rationem
744 3270 848 3334 quidem
864 3270 957 3331 fecere,
975 3270 989 3319 ὃ
1008 3268 1042 3320 ἂν
1058 3268 1214 3336 αύτοῖιδόξ,

214 3343 330 3390 Aetius
353 3338 542 3406 defenditsic,
572 3344 602 3387 ut
625 3339 694 3387 obte·
745 3337 877 3401 βέλτιστον
899 3332 981 3397 εἶναι,
1015 3340 1059 3389 sed
1082 3339 1148 3389 nihil
1171 3341 1223 3390 fere

214 3409 300 3458 standi
330 3407 466 3457 formulam
493 3406 563 3457 dicct
589 3423 621 3455 ex
644 3421 695 3455 usu
745 3421 842 3468 eorum,
861 3398 899 3456 ών
916 3405 1067 3470 βούλονται,
1086 3408 1223 3457 discrimen

213 3474 338 3541 loquendi
367 3491 466 3539 semper
494 3476 531 3525 ito
555 3474 694 3538 praemitti,
745 3473 881 3524 verborum
910 3475 998 3524 δοκεῖν
1025 3483 1051 3525 et
1081 3473 1224 3540 βούλεσθαι

213 3551 241 3594 ut
263 3561 326 3594 cum
350 3541 517 3607 sequentibus
539 3558 618 3592 unam
641 3541 694 3591 effi·
744 3558 848 3607 urgens.
900 3543 1019 3594 Ceterum
1059 3544 1127 3607 quod
1166 3550 1225 3609 post

214 3611 268 3662 oist‘
273 3611 425 3664 orationem.
443 3611 479 3659 At
490 3609 602 3660 cedovel
613 3626 694 3660 unum
745 3603 802 3659 εἶεν
826 3611 992 3676 interrogatio
1015 3611 1125 3662 infertur
1147 3614 1224 3678 pcrti-

213 3681 309 3742 locum‚
326 3680 356 3728 in
373 3693 425 3744 quo
445 3677 476 3742 νὴ
493 3676 539 3727 τὸν
557 3678 611 3727 Δία
635 3693 694 3727 cum
745 3677 804 3727 cula
816 3679 967 3728 transeundi
977 3695 1030 3728 non
1043 3679 1138 3742 addito,
1150 3681 1225 3747 pluro

215 3748 333 3814 sequenti
365 3745 451 3807 μέντοι
481 3748 520 3796 sic
552 3747 580 3795 in
614 3761 695 3795 unum
745 3746 823 3794 huius
863 3762 926 3796 usus
967 3747 1086 3812 exemplo
1116 3750 1225 3799 noivit

215 3818 385 3867 coniunctum
403 3815 444 3864 sit.
484 3815 611 3864 Nimirum
628 3829 694 3878 quae
746 3812 918 3864 Heindorf.
945 3815 978 3864 od
1001 3815 1088 3880 Lysid.
1117 3833 1141 3884 p.
1165 3815 1223 3868 216,

215 3885 278 3934 olibi
301 3883 333 3934 de
357 3879 391 3943 μύι
410 3877 455 3931 Δί’
473 3878 536 3931 ἀλλά
556 3887 581 3932 et
606 3882 695 3931 simili-
746 3884 777 3931 A.
796 3882 828 3930 of.
847 3883 915 3933 infre
931 3898 955 3947 p.
974 3882 1032 3934 489.
1050 3884 1078 3937 C.

216 3952 264 4003 bus
286 3951 406 4002 formulis
429 3951 545 4015 exposita
568 3956 641 4013 sunt,
664 3965 695 3999 ee

215 4021 281 4072 clius
300 4025 363 4071 sunt
378 4019 488 4085 generis.
659 4046 664 4052 ·
781 4015 1223 4082 eap.xxl1.1).euosotae1'

748 4083 819 4134 ἐστὶ
839 4085 871 4134 τὰ
895 4082 1101 4153 ἐρωτήματα]
1130 4089 1225 4155 iungas

248 4155 363 4204 ἔπειτα
397 4150 455 4203 δύο
483 4179 517 4190 -
546 4149 696 4219 ἐρωιᾷτ,’]
748 4150 786 4202 ὅτι
822 4159 898 4202 ταῦτα
930 4149 959 4202 τὰ
994 4151 1142 4220 ἐρωτήματα
1177 4153 1225 4205 δύο

217 4224 308 4274 itone
327 4220 391 4272 duo
414 4221 513 4271 simul
535 4237 582 4270 me
600 4221 697 4270 inter·
749 4220 810 4270 ἐστί.
844 4221 901 4282 Quo
923 4237 975 4270 non
993 4229 1126 4287 perspecto
1144 4239 1226 4288 nuper

217 4292 338 4358 roges?
364 4289 476 4341 Miretur
491 4304 553 4339 voro
571 4287 697 4350 Socrates,
749 4289 798 4338 fuit
826 4289 871 4352 qui
894 4289 1046 4355 corrigeret:
1075 4287 1124 4340 δύο
1153 4290 1227 4341 ἐστὶν

217 4358 285 4425 quod
312 4358 346 4410 do
379 4355 481 4412 duobus
510 4356 588 4408 simul
622 4356 697 4407 inter·
749 4354 911 4421 ἐρωτήματα,
933 4356 1044 4407 audacie
1066 4374 1126 4409 cum
1150 4366 1228 4410 teme·

217 4432 334 4495 mpetu,
363 4440 445 4494 (fuum
458 4430 643 4492 exspectosset
670 4441 701 4475 se
749 4425 824 4475 ritate
842 4425 947 4476 sociato.

975 4523 1028 4578 10*
