3242 5259
278 603 317 654 40
634 593 932 652 PROLEGOMENA

279 785 315 824 ea
334 763 513 822 infelicitatis
541 767 571 821 et
598 762 731 821 miseriae
758 782 796 819 ex
817 781 904 821 verae
926 781 1137 840 germanaeque
1165 763 1214 821 vel
1244 763 1296 819 So-

279 849 400 907 craticae
422 846 619 924 philosophiae
641 846 801 906 rationibus
818 846 1007 917 convincitur,
1027 846 1071 905 ita
1084 851 1119 905 ut
1137 867 1197 904 non
1211 847 1296 904 modo

276 934 370 1009 ipsam
392 934 428 990 ad
448 931 659 1008 philosophiae,
674 932 769 1005 legem
795 936 883 1008 atque
909 950 1040 988 normam
1060 931 1189 990 revocari
1211 951 1295 1006 opor·

278 1024 348 1088 tere,
370 1037 472 1076 verum
493 1016 581 1074 etiem
601 1036 690 1074 unam
710 1016 922 1091 philosophiam
941 1020 1043 1091 utpote
1064 1015 1160 1073 omnia
1174 1015 1294 1075 vivendi

280 1102 400 1160 consilia
421 1103 457 1161 a}
477 1101 617 1159 virtutem
637 1101 810 1158 referentem
824 1102 898 1159 bene
913 1105 943 1158 et
963 1102 1048 1158 beate
1068 1094 1188 1159 vivendi
1202 1106 1295 1159 artem

279 1187 478 1263 rationemque
507 1185 644 1242 exhibere
673 1189 819 1260 appareat.
869 1183 1009 1246 Quocirca
1037 1184 1201 1260 scriptionis
1228 1185 1294 1242 uni-

279 1290 381 1329 versae
403 1269 554 1328 consilium
574 1269 672 1328 verbis
692 1267 874 1345 paucissimis
896 1269 985 1326 etiam
1005 1269 1047 1326 sio
1067 1270 1213 1327 declarare
1227 1270 1294 1328 lice-

281 1356 338 1427 bit,
368 1358 403 1412 ut
431 1359 523 1412 artem
551 1353 725 1412 rhetoricam
745 1353 873 1411 dicamus
894 1353 1055 1411 honestatis
1084 1358 1115 1412 et
1136 1354 1295 1430 probitatis

280 1439 396 1497 nomine
418 1459 433 1496 e
454 1438 653 1513 philosophiae
678 1437 821 1496 iustitiam
851 1442 881 1496 et
907 1438 1048 1497 virtutem
1069 1439 1202 1496 omnibus
1231 1438 1296 1497 aliis

280 1523 482 1599 anteponentis
510 1523 622 1581 ratione
648 1521 819 1581 vitiositatis
840 1523 935 1596 argui,
963 1522 1175 1598 philosophiam
1197 1529 1296 1581 autem

280 1613 314 1667 ut
334 1627 423 1666 unam
443 1609 518 1665 bene
539 1610 681 1685 beateque
701 1607 821 1666 vivendi
841 1607 1009 1680 magistram
1029 1607 1223 1665 commendari
1252 1612 1300 1666 at·-

281 1712 337 1770 que
357 1692 514 1750 irformari.
556 1692 621 1749 Hoc
649 1695 747 1749 autem
774 1691 799 1748 si
827 1696 905 1749 recte
925 1691 969 1749 ita
993 1692 1164 1763 statuimus,
1192 1697 1295 1767 sponte

279 1777 454 1850 intelligitur
474 1777 625 1834 Platonem
646 1795 700 1833 nec
716 1775 788 1833 illud
802 1773 946 1851 spectasse
960 1775 1053 1847 unice,
1075 1781 1110 1834 ut
1122 1776 1296 1835 rhetoricam

281 1869 311 1921 et
331 1861 479 1938 politicam
492 1860 716 1936 reprehenderet
737 1864 767 1918 et
780 1861 943 1934 castigaret,
965 1880 1018 1917 nec
1032 1860 1062 1918 id
1077 1861 1171 1918 solum
1193 1861 1295 1935 egisse,

280 1952 315 2005 ut
335 1949 409 2005 bene
429 1947 571 2023 beateque
585 1944 704 2004 vivendi
724 1944 803 2003 viam
825 1944 1016 2003 strationem
1028 1950 1211 2004 monstraret.
1232 1947 1296 2003 Imc

280 2030 433 2090 coniunxit
452 2030 640 2105 philosophus
661 2029 691 2086 in
712 2048 804 2086 unum
825 2034 888 2087 tum
908 2030 1146 2105 reprehendendi,
1167 2036 1231 2089 tum
1246 2031 1296 2087 do-

281 2115 363 2173 cendi
385 2113 536 2172 consilium
557 2134 592 2171 ea
613 2113 730 2192 quidem
750 2113 870 2185 ratione,
892 2118 926 2171 ut
938 2120 1094 2191 utrumque
1115 2114 1168 2171 uni
1189 2115 1296 2172 eidem-

281 2219 336 2276 que
358 2199 411 2256 fini
433 2198 613 2268 conveniret‚
644 2198 876 2275 quandoquidem
897 2198 1005 2257 veritas
1025 2205 1088 2256 tum
1109 2200 1242 2274 negando
1264 2219 1297 2257 ac

280 2284 455 2353 dubitando,
484 2289 547 2341 tum
575 2284 702 2340 docendo
724 2287 754 2341 et
781 2283 951 2340 affirmando
973 2284 1088 2361 exquiri
1116 2304 1150 2342 ac
1178 2285 1297 2342 demon·

280 2367 366 2425 strari
386 2370 490 2443 potest.
534 2365 674 2428 Quocirca
699 2387 759 2424 una
780 2369 938 2444 eademque
967 2388 1054 2443 opera
1082 2373 1112 2427 et
1131 2369 1298 2427 rhetoricen

281 2450 475 2526 improbitatis
497 2455 527 2508 et
547 2451 697 2510 inanitatis
725 2471 805 2508 ream
834 2451 894 2525 egit
921 2457 951 2510 et
970 2452 1169 2528 philosophiae
1191 2454 1297 2511 doctri-

280 2556 348 2593 nam
369 2556 403 2593 ac
430 2536 573 2594 rationem
601 2541 750 2612 tamquam
778 2535 917 2610 optimam
945 2536 1023 2595 vitae
1048 2540 1121 2595 bene
1152 2539 1297 2615 beateque

284 2622 432 2694 degendae
452 2621 622 2694 magistram
644 2619 818 2678 nobilitavit.

404 2881 472 2955 ΠΙ.
499 2881 555 2955 De
582 2893 660 2955 arte
688 2899 723 2956 et
749 2882 1015 2982 compositione
1041 2883 1174 2983 operis,
1275 2981 1277 2987 Ι

345 3040 443 3116 Atque
464 3039 536 3096 haec
561 3037 679 3114 quidem
705 3039 756 3096 ubi
784 3045 931 3111 tenemus,
961 3047 1037 3098 certe
1065 3040 1154 3098 etiam
1175 3041 1211 3099 dc
1231 3047 1297 3100 arte

282 3130 312 3180 et
333 3123 536 3198 compositione
551 3122 645 3197 operis
659 3123 729 3200 quid
742 3124 968 3182 existimandum
983 3125 1030 3196 sit,
1050 3125 1174 3199 intelligi
1188 3126 1296 3183 licebit.

282 3208 403 3266 Constat
423 3207 501 3264 enim
521 3207 690 3265 universum
712 3227 782 3283 opus
811 3210 1018 3283 prooemio,
1041 3210 1294 3268 contentione

267 3282 499 3350 ¹rhetorices
521 3297 558 3350 et
579 3291 868 3366 philosophiae,
891 3294 1139 3351 conclusione
1161 3313 1205 3352 ex
1227 3295 1296 3352 hac

282 3375 368 3450 ipsa
389 3376 638 3434 contentione
660 3376 831 3451 repetita
857 3379 986 3454 mytho
1015 3378 1212 3450 adiuncto,
1239 3380 1295 3436 de·

281 3460 397 3537 nique
426 3460 586 3536 epilogc.
607 3472 608 3476 ’
628 3460 673 3517 De
701 3461 806 3537 quibus
836 3462 929 3535 operis
957 3462 1089 3537 partibus
1116 3463 1217 3522 ordine
1245 3465 1293 3521 de·

280 3544 378 3618 inceps
398 3545 498 3619 paucis
519 3563 662 3619 exponere
682 3543 789 3603 licebit.

344 3630 384 3687 Et
404 3629 440 3686 de
461 3627 604 3703 prooemio
626 3629 758 3704 quidem,
785 3649 843 3706 quo
864 3649 950 3687 scena
971 3630 1077 3704 dialogi
1098 3632 1293 3703 constituitur,

177 3786 182 3790 ι
234 3767 237 3775 ,
281 3732 339 3769 non
361 3712 502 3789 estquod
523 3712 661 3787 peculiari
684 3732 770 3788 opera
797 3713 986 3785 disseramus,
1016 3735 1107 3792 quum
1133 3722 1163 3774 et
1183 3717 1294 3776 brevis-

280 3796 386 3853 simum
408 3796 447 3854 sit
468 3802 497 3855 et
518 3816 592 3874 quac
616 3797 651 3854 ad
674 3796 736 3854 eius
759 3803 851 3856 artem
874 3799 1081 3857 aestimandam
1101 3801 1233 3872 valeant,
1262 3802 1293 3858 in

280 3881 492 3938 commentariis
521 3882 771 3956 expromserimus.
822 3884 927 3959 Itaque
956 3884 1054 3942 statim
1083 3885 1119 3940 ad
1149 3891 1294 3944 certamen

279 3965 435 4022 rhetorices
465 3985 531 4022 curn
557 3966 741 4041 philosophia
767 3967 948 4024 commissum
975 3968 1190 4042 progredimur,
1219 3990 1293 4048 quae

279 4069 345 4123 pars
367 4049 506 4107 sermonis
528 4058 573 4107 est
593 4051 678 4124 longe
700 4050 879 4124 gravissima.

343 4133 513 4192 Absolvitur
535 4142 632 4212 autem
647 4155 682 4192 ea
696 4134 789 4193 tribus
803 4141 952 4213 tamquam
966 4137 1159 4195 contentionis
1173 4139 1291 4209 actibus,

280 4216 513 4275 artificiosissime
529 4218 617 4276 etiam
638 4218 781 4277 distinctis
803 4221 896 4278 tribus
910 4221 1041 4295 personis
1059 4221 1291 4298 colloquentium,
1334 4227 1339 4241 '

280 4300 410 4373 Gorgiae,
432 4302 502 4372 Peli,
527 4302 667 4373 Calliclis,
689 4303 859 4380 qui-ordine
880 4304 1014 4380 deinceps
1036 4325 1101 4362 cum
1124 4307 1241 4366 Socrate
1262 4307 1292 4362 in

232 4394 234 4398 ·
277 4388 423 4442 certamen
444 4387 675 4459 congrediuntur.
716 4385 831 4463 Quippe
852 4394 970 4448 taxatur
990 4390 1133 4449 rhetorice
1155 4391 1292 4469 oppositis
