3242 5259
453 591 636 652 GORGIAS.
658 593 691 651 P.
715 597 786 652 481.
810 597 881 652 482.
904 596 948 653 cd.
973 595 1016 654 st.
1180 602 1238 657 193

216 753 417 835 βουλεύμασί
443 775 477 817 τε
505 752 559 818 καὶ
584 755 692 837 λόγοις
723 756 782 837 οὐχ
809 749 878 830 οἷός
898 751 924 820 τ’
947 751 978 820 εί
997 755 1238 838 ἐναντιοῦσθαι,

217 845 305 928 cisra,
328 851 359 914 εί
376 852 424 927 τίς
443 864 505 917 σου
525 852 676 933 λὲγοντος
694 851 842 918 ἑκάστοτε
861 857 884 918 a
905 855 958 918 διὰ
979 856 1116 932 τούτους
1138 855 1239 939 λέγεις

216 950 400 1030 θαυμάζοι,
427 948 471 1023 ὡς
499 951 605 1014 ἄτοποί
633 949 734 1028 ἐστιν,
766 952 844 1025 ἴσως
873 952 973 1026 εἴποις
1005 952 1046 1016 ἂν
1075 954 1180 1041 αύτῷ,
1211 957 1239 1019 εί

217 1048 353 1128 βούλοιο
381 1041 507 1130 τάληθῆ
533 1046 655 1129 λέγειν,
684 1045 750 1127 ὅτι,
779 1051 807 1113 εί
835 1051 878 1132 μή
909 1073 956 1124 τις
983 1052 1098 1114 παύσει
1126 1050 1165 1115 τὰ
1195 1052 1234 1117 cd
1257 1054 1321 1116 482

216 1144 350 1210 παιδικὰ
371 1147 497 1210 τούτων
516 1150 580 1209 τοῖν
600 1149 715 1228 λόγων,
743 1144 819 1212 οὐδὲ
842 1146 883 1209 σὺ
901 1148 1017 1211 παύσει
1037 1149 1114 1213 ποτὲ
1135 1157 1237 1214 ταῦτα

216 1241 330 1325 λέγων.
358 1244 467 1325 νόμιζε
497 1247 611 1308 τοίνυν
638 1245 692 1308 καί
722 1257 796 1325 παρ’
827 1244 907 1326 ἐμοῦ
927 1255 1042 1328 χρῆναι
1062 1245 1152 1327 ἕτερα
1173 1272 1236 1312 τοι-

216 1352 300 1405 αῦτα
330 1337 480 1419 ἀκούειν,
509 1341 562 1405 καὶ
589 1339 633 1426 μὴ
660 1343 826 1424 θαύμαζε,
859 1337 909 1405 ὅτι
938 1342 1001 1424 ἐγὼ
1022 1353 1124 1409 ταῦτα
1144 1345 1235 1426 λέγω,

216 1437 298 1502 ἀλλὰ
324 1437 385 1522 τὴν
412 1442 631 1522 φιλοσοφίαν,
661 1440 700 1504 τὰ
728 1439 787 1523 ἐμὰ
808 1441 940 1503 παιδικά
947 1491 954 1518 ,
985 1449 1114 1508 παῦσον
1133 1452 1235 1509 ταῦτα

216 1535 387 1618 λέγουσαν.
415 1534 499 1618 λέγει
527 1539 605 1620 γάρ,
637 1529 664 1601 ὦ
691 1539 764 1619 φίλε
793 1536 916 1619 ἑταῖρε,
947 1533 996 1603 ἀεὶ
1026 1544 1047 1604 ἃ
1074 1551 1137 1606 νῦν
1158 1541 1236 1625 ἐμοῦ

214 1755 328 1805 reatinis
350 1760 459 1820 excepto
481 1753 506 1804 d.
547 1754 678 1805 Videlicet
703 1755 851 1806 inserviunt
874 1757 939 1808 haec
962 1758 1126 1822 explicandis
1148 1760 1235 1811 verbis

214 1822 438 1888 praecedentibus.

267 1904 282 1956 ὁ
308 1906 412 1971 δῆμος
434 1901 449 1956 ὀ
472 1902 681 1973 Ἀθηναίων]
711 1908 858 1958 Secundum
881 1905 896 1957 ὁ
919 1909 1042 1960 debemus
1067 1911 1147 1962 Coisl.
1169 1914 1233 1963 Vcn.
1314 1960 1316 1963 .

216 1974 282 2025 ΞΣ.
307 1974 385 2024 Vind.
397 1974 420 2025 1.
432 1975 456 2024 2.
475 1974 498 2026 6.
518 1973 540 2025 7.
563 1976 622 2026 Par.
640 1976 788 2027 BCIVW.
812 1977 880 2026 Flor.
900 1993 923 2027 a.
941 1995 963 2027 c.
982 1979 1005 2028 d.
1023 1995 1057 2027 m.
1076 1997 1098 2029 ο.
1118 1997 1143 2028 x.
1167 1982 1234 2047 Aug.

213 2043 290 2094 Bodl.
301 2045 407 2093 Meerm.
435 2043 531 2094 Carent
543 2050 629 2094 tamen
643 2044 732 2094 codem
750 2044 859 2094 articulo
877 2045 965 2095 Clark.
984 2053 1010 2096 ct
1027 2047 1086 2097 Vat.
1104 2064 1128 2097 v.
1146 2057 1233 2099 annot.

265 2133 480 2200 βουλεύμασί
501 2135 547 2202 τε]
578 2137 609 2187 V.
639 2134 789 2205 βουλήμαοί
818 2155 857 2197 τε,
893 2145 923 2187 ut
950 2143 990 2187 cst
1017 2140 1045 2187 in
1071 2141 1130 2191 Par.
1156 2142 1185 2189 Ε.
1209 2147 1235 2191 ct

213 2204 305 2268 paucis
324 2204 391 2254 aliis.

264 2297 295 2345 P.
313 2293 371 2347 482.
407 2293 459 2346 ἀεὶ
477 2293 494 2347 ἃ
513 2303 576 2347 νῦν
594 2295 673 2357 ἐμοῦ
690 2293 753 2363 dn]
773 2294 815 2347 dci
834 2296 949 2347 additum
968 2315 1001 2348 ex
1019 2297 1099 2348 Coisl.
1118 2299 1184 2349 Ven.
1201 2299 1232 2351 Σ.

212 2364 293 2414 Vind.
312 2361 336 2414 1.
352 2363 377 2416 2.
395 2362 418 2416 6.
438 2362 460 2415 7.
487 2367 545 2416 Par.
563 2366 655 2416 IVW.
679 2365 748 2415 Flor.
766 2381 788 2415 a.
808 2363 832 2416 b.
852 2381 872 2414 c.
891 2382 915 2416 ο.
940 2366 1014 2417 Bodl.
1033 2367 1138 2417 Meerm.
1158 2367 1191 2417 al.

211 2573 237 2617 et
260 2566 401 2618 adulantis.
436 2567 556 2617 Ceterum
579 2568 698 2632 exempla
748 2568 837 2632 phiam
859 2576 936 2619 vocat
959 2566 988 2618 τὰ
1005 2567 1108 2620 παιδικὰ
1125 2585 1185 2636 μοι.
1208 2586 1233 2620 v.

211 2635 319 2684 articuli
345 2636 373 2684 in
399 2635 441 2685 his
463 2635 581 2686 formulis
603 2642 697 2686 temere
747 2652 815 2700 quae
855 2637 887 2687 de
921 2653 971 2687 usu
1006 2638 1084 2688 huius
1118 2638 1232 2689 nominis

211 2702 326 2769 neglecti
337 2702 443 2769 collegit
457 2703 626 2754 Schaefer.
644 2705 698 2754 Me·
749 2705 863 2754 diximus
886 2703 919 2753 ad
941 2704 1074 2757 Phaedon.
1097 2722 1125 2771 p.
1140 2705 1182 2758 68.
1200 2708 1232 2756 Α.

210 2772 267 2821 lett.
291 2772 345 2820 crit.
365 2787 389 2836 p.
408 2770 432 2821 8.
453 2776 479 2820 et
496 2772 645 2822 Fischer.
665 2771 697 2821 ad
747 2772 857 2822 Phaedr.
884 2789 910 2837 p.
935 2770 994 2823 249.
1020 2775 1050 2826 Α.
1081 2803 1115 2811 -
1150 2771 1232 2824 πολύ

211 2839 322 2890 Weller.
340 2840 371 2889 T.
389 2838 410 2889 Ι.
427 2855 451 2905 p.
469 2837 528 2890 341.
749 2831 845 2904 ἦττον
874 2840 1063 2907 ἔμπληκτος.
1099 2841 1231 2892 Suidas:

749 2907 895 2972 ἔμπληκτοι·
914 2914 1019 2970 κοῦφοι,
1040 2907 1231 2975 εύμετάβλητοι.

255 2978 387 3024 τοιαῦτα
427 2972 544 3040 ἔτερα]
584 2973 697 3024 itidem
747 2976 904 3025 Eustath.
931 2993 956 3041 p.
984 2976 1057 3029 1886.
1091 2978 1233 3042 ἔμπληκτον

210 3042 306 3092 talia.
342 3042 406 3090 Mox
423 3056 448 3105 p.
464 3039 522 3093 482.
540 3041 579 3090 A:
604 3048 697 3106 χρῆται
748 3043 929 3108 interpretatur
946 3041 1064 3104 ἄστατον,
1090 3043 1231 3110 εὐμετάβο-

210 3111 289 3173 &epo
307 3113 409 3159 retacta
426 3105 542 3159 ἀκούειν.
579 3109 696 3175 Syrnpos.
748 3112 801 3160 λου.
832 3112 922 3176 Lysid.
945 3128 970 3177 p.
987 3111 1046 3163 214.
1065 3113 1099 3164 0:
1124 3112 1232 3164 δοκοῦσι

209 3194 235 3242 p.
248 3176 353 3228 201.Ε.
374 3177 483 3228 Phaedr.
501 3175 634 3242 p.58.1>.‚
652 3177 698 3228 ubi
748 3177 832 3243 λέγειν
850 3208 884 3216 -
908 3180 968 3232 τούς
991 3178 1087 3232 κακούς
1104 3209 1137 3218 -
1154 3180 1232 3247 μηδὲ·

210 3262 234 3298 v.
260 3250 349 3296 annot.
371 3273 406 3282 —
430 3243 646 3310 βουλεύμαοί
667 3262 697 3294 τε

210 3313 264 3364 καί
295 3310 415 3378 λύγοις.
452 3312 527 3375 Quod
554 3313 634 3363 schol.
664 3314 696 3362 ad

208 3380 381 3446 Aristoph.
396 3380 466 3430 Plut.
480 3397 505 3429 v.
522 3378 581 3431 493.
599 3382 697 3444 statuit,

208 3446 348 3514 βούλευμα
359 3463 415 3498 esse
433 3448 616 3499 consilium
634 3450 697 3514 pri-

209 3523 321 3567 vatum
338 3521 364 3565 et
382 3512 501 3580 βούλημα
518 3517 697 3566 consilium

208 3583 398 3649 publicum,
420 3583 471 3634 hoc
488 3584 626 3635 discrimen
645 3601 697 3634 non

207 3658 280 3703 recte
316 3666 373 3701 esse
408 3653 574 3702 constitutum
607 3653 697 3703 docuit

208 3719 384 3785 Spanlrem.
429 3720 520 3784 Itaque
554 3720 604 3771 hoc
638 3721 695 3771 loco

207 3787 360 3838 auctoritati
395 3788 514 3838 codicum
554 3788 696 3854 parendum

207 3855 392 3907 iudicavimus.

242 3991 272 4040 P.
297 3986 356 4041 482.
398 3987 697 4057 ταύταλέγωυ]1)ἱ-

208 4065 282 4108 ctum
305 4059 356 4109 hoc
383 4064 423 4108 est
451 4057 588 4117 δεικτικῶς,
613 4074 696 4122 neque

207 4141 289 4191 opus,
312 4131 342 4176 ut
359 4126 490 4176 scribatur
511 4122 602 4184 ταύτά,
625 4142 696 4190 prae·

206 4195 298 4245 sertim
329 4209 409 4258 quum
432 4193 570 4258 praecedat
598 4192 697 4243 τούτου

208 4259 454 4329 maldrum-1&
475 4259 533 4322 ἐμὰ
553 4259 696 4311 παιδικά.

208 4330 378 4396 Synesius
402 4346 428 4394 p.
451 4328 491 4381 22.
518 4329 558 4379 cd.
582 4329 695 4378 Turneb.

207 4398 346 4448 Platonem
371 4399 486 4448 imitatus
505 4399 565 4446 item
583 4397 696 4461 philoso-

235 4499 290 4539 Plat.
303 4499 360 4549 0pp.
375 4499 423 4540 Vol
435 4499 464 4538 11.
478 4497 533 4538 Sect.
548 4499 564 4537 1.

748 3264 810 3296 ποτε
824 3244 933 3307 ὁμοίους
951 3245 1009 3312 μηδ’
1028 3245 1124 3300 αύτούς
1142 3246 1231 3300 αὐτοῖς

747 3306 831 3373 εἶναι,
863 3310 915 3364 ἀλλ’
946 3313 1107 3380 ἐμπλήκτους
1135 3333 1160 3365 τι
1189 3316 1237 3365 καὶ.

748 3378 940 3450 ἀσταθμήτους,
957 3380 1005 3432 ubi
1016 3399 1041 3432 v.
1059 3383 1232 3433 Heindorf.

748 3451 861 3514 Eurip.
888 3451 983 3500 Troad.
1012 3467 1037 3500 v.
1067 3448 1146 3500 1211:
1179 3458 1231 3502 ταῖς

748 3525 857 3579 τροπαῖς
874 3515 923 3584 γὰρ
942 3518 972 3567 αἱ
988 3515 1066 3582 τύχαι,
1093 3518 1232 3583 ἔμπληκτος

749 3581 786 3635 οἷς
802 3582 957 3648 ἄνθρωπος,
975 3581 1054 3635 ἄλλοτ’
1074 3582 1165 3635 ἄλλοσε
1183 3603 1231 3650 πη·

748 3651 820 3701 δῶσι.
838 3653 1010 3703 Plutarch.
1023 3656 1131 3704 Eumen.
1140 3669 1164 3718 p.
1173 3651 1232 3704 584.

746 3720 777 3769 E.
795 3721 827 3768 T.
840 3720 866 3769 I:
886 3720 1026 3786 ἔμπληκτος
1039 3718 1078 3772 oin
1089 3723 1131 3771 καὶ
1145 3725 1232 3785 φορᾶς

746 3783 839 3847 μεστὸς
870 3784 1009 3854 ἀβεβαίου.
1056 3789 1136 3839 Plura
1162 3789 1234 3839 dabit

747 3853 888 3905 Lobeck.
912 3857 945 3907 ad
968 3856 1090 3921 Sophocl.
1108 3857 1184 3907 Aiac.
1207 3872 1231 3905 v.

748 3920 823 3974 1348.
855 3925 1083 3990 Wyttenbach.
1108 3925 1141 3975 ad
1164 3924 1233 3974 Plut.

748 3990 807 4040 Vol.
831 3992 876 4041 Vl.
906 3994 936 4042 P.
961 3993 993 4041 ΙΙ.
1020 4009 1045 4057 p.
1069 3990 1126 4043 927.
1161 3991 1233 4042 Male

750 4059 829 4124 igitur
853 4060 1003 4110 Ficinus:
1034 4061 1142 4110 minus
1170 4065 1232 4109 sto-

746 4126 819 4175 lida
851 4133 884 4176 et
919 4129 1095 4192 pervicax.
1144 4128 1233 4191 Neque

747 4193 855 4259 dignum
865 4200 905 4243 est
915 4196 1056 4257 mentione,
1074 4194 1143 4259 quod
1159 4194 1233 4244 scho-

747 4261 827 4311 liasta
848 4268 874 4310 et
891 4261 1153 4328 Olympiodorus
1170 4268 1234 4313 tam-

749 4345 826 4393 quam
853 4331 932 4379 aliam
963 4330 1100 4380 lectionem
1125 4347 1234 4381 comme-

749 4402 852 4446 morant
869 4398 999 4463 ίκβληιος.

998 4497 1030 4550 13
