3242 5259
356 622 416 674 262
767 612 964 672 PLATONIS

357 775 444 854 ὅπως
472 779 537 858 ἐρεῖ
555 800 585 841 τι
604 783 773 853 τοιοῦτον,
803 770 883 839 ὅθεν
910 774 952 837 ἂν
980 774 1013 838 oi
1031 773 1208 846 α’κούοντες
1229 772 1370 852 βελτίους

272 874 334 937 502
355 879 532 959 γίγνοιντος
561 871 583 958 ἢ
605 870 622 938 ὅ
642 898 672 938 τι
692 874 796 956 μέλλει
823 878 1004 956 χαριεῖσθαι
1031 875 1077 958 τῷ
1098 874 1183 953 ὄχλῳ
1212 874 1279 933 τῶν
1299 876 1369 933 θεα-

355 979 437 1051 miv,-
460 977 563 1038 ΚΑΛ.
586 978 697 1054 Δῆλον
717 971 757 1054 δὴ
777 973 873 1036 τοῦτό
894 993 941 1054 γε,
964 963 1189 1049 ὦΣώκρατες,
1212 969 1370 1050 Κινησίου

356 1094 392 1154 γε
412 1072 493 1152 πέρι.
522 1073 598 1134 Est.
636 1072 674 1133 Τί
695 1068 729 1133 δὲ
749 1071 767 1134 ὁ
788 1069 893 1152 πατὴρ
915 1070 1017 1132 αὐτοῦ
1038 1066 1170 1149 Μέλης;
1191 1059 1213 1148 ἦ
1235 1067 1318 1147 πρὸς
1336 1068 1385 1154 τὸ,

356 1169 521 1253 βέλτιστον
543 1165 669 1250 βλέπων
694 1165 796 1232 ἐδόκει
818 1183 868 1232 σοι
887 1167 1100 1250 αιθαρῳδεῖνς
1123 1160 1152 1247 ἦ
1172 1163 1297 1239 ἐκεῖνος
1317 1163 1371 1246 μὲν

356 1267 432 1337 οὐδὲ
462 1267 543 1348 πρὸς
570 1269 606 1330 τὸ
635 1266 783 1349 ἥδιστον;
817 1266 894 1349 ἠνία
922 1265 984 1347 γὰρ
1013 1263 1102 1346 ᾄδων
1135 1263 1214 1338 τοὺς
1250 1264 1370 1336 ecatus.

356 1366 436 1430 ἄλλα
457 1364 497 1447 δὴ
519 1366 646 1429 σκόπει·
677 1363 788 1446 cdxiii
816 1385 848 1426 τε
877 1361 1077 1446 ανθαρῳδιαὴ
1105 1360 1197 1425 δοκεῖ
1216 1375 1269 1425 σοι
1288 1372 1371 1425 παῖσα

356 1465 409 1530 καί
428 1465 450 1547 ἡ
470 1468 535 1527 τῶν
557 1463 770 1544 διθυράμβων
800 1461 926 1543 ποίησις
946 1461 1066 1544 ἡδονῆς
1086 1461 1180 1542 χάριν
1200 1459 1371 1542 triplicium

306 1566 464 1633 ΒΚΑΛ.
476 1556 623 1643 Ἔμοιγε.
665 1563 739 1623 Est.
775 1561 813 1622 Ti
833 1557 867 1621 di
887 1556 927 1640 δὴ
947 1559 969 1641 ἡ
989 1558 1088 1640 σεμνὴ
1117 1556 1198 1639 αὕτη
1220 1557 1275 1620 καὶ
1295 1562 1371 1620 dov-

357 1659 460 1744 μασπὴ
480 1660 502 1741 ἡ
523 1668 578 1740 τῆς
597 1659 776 1742 τραγῳδίας
805 1656 932 1737 ποίησις
963 1652 1011 1737 ἐφ’
1041 1645 1290 1739 &testoridem
1320 1654 1371 1716 πό-

357 1759 451 1839 τερόν
473 1755 556 1820 ἐστιν
578 1756 677 1836 αὐτῆς
697 1752 733 1818 τὸ
756 1753 940 1836 ἐπιχείρημα
967 1751 1021 1816 καὶ
1040 1753 1062 1836 ἡ
1083 1753 1232 1835 σπονδή,
1262 1751 1306 1826 ὡς
1325 1749 1371 1816 σοὶ

408 1959 437 2008 P.
455 1955 512 2008 502.
532 1955 623 2006 Titi
640 1951 654 2003 d
673 1952 777 2021 πατὴρ
797 1952 910 2020 αὐτοῦ]
935 1953 979 2004 δαί
997 1953 1074 2007 vind.
1094 1951 1118 2006 6.
1154 1951 1200 2003 Sic
1219 1954 1299 2004 etiam
1316 1968 1371 2002 mox

358 2028 417 2076 Vat.
435 2033 461 2074 et
478 2040 543 2074 corr.
561 2024 648 2074 Clark.
669 2023 704 2074 Τί
720 2022 762 2072 δαί
782 2019 814 2090 δὴ
833 2019 848 2088 ἡ
868 2038 955 2082 cepa,
973 2021 1021 2071 ubi
1038 2020 1070 2087 δὴ
1087 2021 1167 2086 vulgo
1186 2021 1290 2082 deerat,
1309 2020 1370 2084 quod

358 2095 503 2144 restitutum
525 2108 595 2141 nunc
621 2109 653 2142 ex
671 2091 760 2141 Clark.
784 2092 843 2140 Vat.
862 2090 942 2140 Coisl.
960 2091 1025 2140 Ven.
1045 2089 1105 2140 ΞΣ.
1125 2088 1202 2138 Vind.
1228 2089 1251 2140 1.
1269 2088 1293 2139 2.
1311 2089 1333 2138 6.
1351 2087 1370 2138 l.

357 2164 415 2213 Pur.
434 2162 578 2211 BGEPV.
613 2160 784 2219 Florentinis,
809 2159 876 2211 aliis.
911 2158 981 2207 Male
1005 2157 1084 2222 vulgo
1108 2157 1321 2222 distinguebatur
1343 2156 1364 2205 T
1363 2159 1372 2205 ί

359 2230 439 2280 δὲ-
458 2232 577 2293 παίωνας
596 2224 637 2289 ἐφ’
659 2219 680 2293 ᾦ
698 2224 854 2276 ἐσπούδακε.
872 2227 960 2275 Herm.
979 2225 1063 2288 aliter,
1081 2224 1112 2274 de
1130 2241 1181 2290 quo
1200 2241 1226 2274 v.
1244 2225 1321 2275 infra.

409 2297 539 2363 βλέπων
557 2294 677 2361 ἐδόκει]
696 2294 776 2345 Coisl.
795 2293 902 2358 βλέπων
919 2293 1028 2356 omittit,
1045 2294 1149 2345 iniuria.

304 2518 307 2523 ,
358 2461 837 2530 edDemosthen.Leptin.p.89seqq.
923 2463 951 2514 P.
970 2459 1029 2514 502.
1051 2463 1081 2511 B.
1111 2461 1149 2512 Τί
1171 2459 1209 2511 δὲ
1227 2457 1267 2529 δὴ
1291 2459 1306 2527 ἡ
1330 2477 1370 2511 σε·

357 2538 398 2585 De
416 2535 527 2584 choris
552 2549 583 2582 ex
606 2533 735 2583 sententia
752 2531 840 2580 Plato·
890 2528 955 2595 μνῆ
985 2527 1067 2595 αὕτη
1091 2527 1139 2595 -]
1174 2531 1259 2581 Recte
1282 2531 1370 2583 Hein-

357 2605 398 2653 nis
417 2604 470 2668 egit
488 2604 564 2651 Bax.
581 2602 646 2665 disp.
671 2602 839 2649 Donaturae
890 2597 1031 2647 dorfius:
1059 2596 1242 2660 Quidvero
1260 2602 1370 2664 gravis

358 2671 523 2735 simplicitate
545 2672 571 2718 in
589 2667 721 2732 Euripidis
739 2668 839 2718 Oreste.
890 2665 951 2716 illa
976 2671 1008 2715 et
1029 2665 1221 2731 magnifica
1249 2675 1371 2732 tragoe

358 2740 470 2788 Traiect.
499 2736 532 2786 ad
553 2738 635 2787 Rhcn.
660 2734 733 2786 1816.
757 2733 782 2784 8.
805 2763 839 2771 -
890 2734 962 2782 diae
980 2733 1095 2798 poesis
1121 2735 1155 2783 in
1178 2750 1244 2799 quo
1268 2734 1372 2785 elabo-

358 2803 526 2869 Dithyrambi
547 2805 650 2853 luerunt
672 2804 788 2853 carmina
812 2804 839 2851 in
889 2802 959 2851 rat?
982 2817 1019 2852 sc.
1043 2801 1141 2866 quale
1167 2802 1202 2851 id
1230 2818 1302 2853 esse
1326 2819 1372 2868 pu·

357 2873 457 2922 Bacchi
467 2873 591 2921 honorem
605 2873 755 2934 composita,
772 2886 839 2934 quae
892 2871 961 2918 tas?
976 2872 1060 2924 Δταῦτα
1078 2871 1104 2918 τί
1119 2865 1175 2918 πότ’
1199 2868 1268 2929 ἑπτα
1304 2869 1372 2932 Quod

359 2940 474 2990 oratione
500 2939 647 2988 vehementi
674 2943 699 2987 et
729 2940 840 2987 concita·
890 2938 1027 2999 reticetur,
1059 2938 1120 3000 quia
1150 2939 1278 2988 continuo
1302 2940 1371 2989 inter·

359 3009 424 3057 tiore
445 3007 582 3070 verbisque
607 3006 715 3055 licenter
738 3020 840 3070 compo-

359 3076 415 3124 sitis
444 3072 591 3123 utebantur.
637 3072 713 3122 Unde
740 3073 838 3123 Hora·

360 3145 425 3192 tius
443 3141 491 3193 Od.
503 3142 548 3204 IV,
566 3139 591 3203 2,
610 3137 649 3192 10.
668 3141 699 3190 de
711 3141 839 3191 Pindaro:

360 3211 422 3260 Seu
446 3225 503 3274 per
526 3209 665 3260 audaces
688 3225 774 3259 nova
797 3208 840 3258 di-

359 3276 550 3343 thyrambos
584 3277 692 3327 Verba
733 3276 840 3326 devol-

358 3347 407 3395 vit
425 3347 633 3409 numerisque
656 3346 764 3394 fertur
785 3345 839 3394 Le-

357 3431 397 3480 ge
415 3414 546 3464 solutis.
579 3412 734 3478 Perstringit
750 3419 839 3476 poetas

359 3481 563 3546 dithyrambicos
587 3480 840 3545 Aristophanes

358 3554 424 3601 Aru.
440 3567 465 3599 v.
475 3548 542 3600 1385
551 3564 630 3613 seqq,
643 3550 689 3598 ubi
705 3547 782 3597 etiam
792 3548 812 3598 0
821 3549 841 3596 i·

358 3620 469 3668 nesias
487 3618 612 3682 carpitur,
635 3617 667 3666 de
691 3632 742 3680 quo
760 3615 797 3664 ibi
814 3632 839 3665 v.

358 3689 469 3751 interpp.
487 3691 514 3734 et
531 3685 656 3734 adRann.
669 3700 694 3734 v.
705 3681 840 3746 leaenas.

357 3751 588 3819 Wyttenbach.
603 3752 772 3801 adPlutarch.
784 3753 841 3801 Mo-

358 3823 405 3872 ral.
423 3823 455 3872 T.
472 3822 493 3870 Ι.
510 3837 535 3884 p.
548 3818 607 3870 222.
625 3819 664 3869 ed.
676 3819 761 3868 Oxon.
779 3820 841 3869 Cor-

308 3923 311 3929 -
358 3896 447 3954 ruptor
470 3889 513 3938 hic
536 3889 586 3937 fuit
608 3888 702 3936 veteris
725 3888 840 3938 musicae

358 3963 435 4022 atque
446 3958 474 4006 in
487 3953 644 4006 carminibus
657 3954 758 4004 melicis
769 3971 840 4019 prae·

358 4033 404 4089 ter,
418 4025 522 4075 modum
545 4022 632 4073 mollis
655 4027 680 4072 et
709 4023 839 4072 effemina-

358 4100 408 4155 tus,
427 4109 477 4157 quo
495 4094 599 4142 nomine
617 4108 633 4141 a
649 4092 757 4141 comicis
775 4093 842 4140 vitu·

358 4168 469 4225 peratur.
510 4162 596 4210 Patris
625 4160 696 4221 eius,
730 4160 841 4220 Maleus,

358 4230 513 4278 mentionem
559 4229 624 4278 facit
670 4228 841 4277 Aristides

360 4295 440 4345 Oratt.
467 4296 567 4346 Platon.
591 4298 624 4345 ΙΙ.
647 4312 671 4359 p.
696 4293 767 4358 185.,
797 4296 842 4360 qui

360 4379 384 4425 p·
414 4362 464 4414 236
494 4380 564 4428 seqq.
600 4364 724 4414 adversus
758 4369 842 4414 totum

359 4430 430 4480 hunc
448 4430 534 4481 locum
551 4432 700 4495 disputavit.

890 3010 1009 3070 rogatur:
1028 3001 1144 3069 πότερόν
1162 3003 1236 3055 ἐστιν
1253 3002 1333 3072 αὐτῆς
1350 3003 1372 3056 τί

891 3071 955 3136 ἐπιχ.
979 3091 1001 3122 κ.
1027 3090 1047 3121 τ.
1071 3074 1091 3122 λ.
1111 3073 1178 3123 cont
1203 3075 1372 3125 Matthiae.

892 3142 937 3190 Gr.
955 3142 978 3200 §-
994 3138 1051 3192 630.
1071 3139 1094 3190 1.
1112 3141 1247 3208 Pfluglr.
1266 3142 1301 3192 ad
1316 3145 1374 3194 Eur.

891 3209 991 3259 Hecub.
1015 3223 1040 3257 v.
1064 3206 1139 3259 1256.
1167 3210 1373 3261 Hermannua

890 3283 977 3326 tamen
1011 3281 1074 3326 nota
1107 3277 1288 3344 interrogandi
1319 3286 1373 3345 post

896 3346 928 3396 Τί
938 3343 968 3394 δὲ
983 3340 1015 3409 δή
1030 3343 1115 3409 posita
1133 3352 1159 3394 et
1178 3354 1309 3396 commate
1322 3354 1375 3414 post

892 3409 1039 3462 ἐσπούδακε
1070 3411 1145 3463 illato
1170 3413 1198 3462 in
1222 3414 1312 3465 verbis
1335 3411 1372 3477 ἐφ’

893 3473 914 3547 ρ’
946 3476 1094 3531 ἐσπούδακε
1123 3479 1274 3533 subiectum
1308 3482 1375 3533 verbi

892 3549 944 3598 ἔστι
966 3536 1096 3598 contineri
1121 3549 1229 3612 statuit,
1263 3566 1317 3616 qua
1342 3567 1376 3600 ra-

891 3618 962 3667 tione
979 3632 1010 3666 eo
1028 3615 1179 3679 deducitur,
1197 3625 1230 3668 ut
1246 3619 1314 3670 ista:
1332 3616 1375 3668 ad·

892 3689 935 3750 τῆς
953 3683 979 3732 τὸ
998 3683 1149 3748 ἐπιχείρημα
1168 3683 1247 3752 καλή
1269 3684 1375 3752 σπονδή,

891 3769 937 3817 pro
960 3752 1115 3817 glossemate
1143 3752 1241 3804 habere
1264 3761 1375 3822 cogatur.

892 3820 1011 3871 Ceterum
1042 3819 1145 3871 notabis
1175 3822 1373 3874 collocationem

891 3887 1037 3938 verborum.
1055 3889 1123 3938 Nam
1133 3904 1148 3939 e
1159 3889 1267 3953 vulgari
1278 3893 1374 3942 ratione

892 3956 1030 4006 dicendum
1054 3950 1122 4007 arati
1148 3960 1175 4006 τί
1190 3955 1221 4007 δὲ
1243 3955 1312 4026 δὴὴ
1336 3963 1375 4025 νῆν

892 4041 962 4090 τραγ.
989 4019 1128 4089 ποίησωὴ
1153 4026 1236 4092 σεμνὴ
1254 4025 1320 4094 αὕιη
1336 4027 1375 4077 rol

893 4090 1046 4156 θανμαντή;
1065 4092 1116 4142 Sed
1128 4092 1220 4144 eodem
1231 4095 1311 4147 modo
1323 4097 1377 4146 Hu-

893 4161 994 4210 rodot
1013 4158 1160 4222 vl1,196:
1183 4157 1199 4211 ὁ
1226 4159 1375 4216 metuisti

893 4233 945 4278 τῶν
968 4225 1117 4291 βαρβάρων
1147 4227 1265 4293 στρατόν.
1299 4231 1376 4282 ‘l'hu-

894 4295 963 4360 cyd.
986 4296 1014 4358 Ι,
1037 4294 1083 4346 23:
1115 4298 1158 4346 καί
1182 4294 1198 4363 ἡ
1221 4294 1270 4363 οὐχ
1291 4295 1377 4366 ἥκιστα

894 4361 1016 4427 βλάψασα
1026 4358 1041 4428 ἡ
1051 4361 1181 4428 λοιμώδης
1191 4361 1282 4421 adme.
1295 4358 1375 4419 Plat

894 4432 1012 4496 Sympos.
1028 4447 1054 4496 p.
1072 4429 1130 4483 213.
1148 4433 1185 4483 E:
1214 4429 1263 4500 τὴν
1284 4431 1375 4487 τούτου
